2930 4872
235 275 307 404 9611
581 329 901 396 nlssnnrnrlo
937 326 1001 397 111.

237 515 301 582 scio
323 535 362 578 an
383 511 493 578 Aeseh.
516 511 618 597 Suppl.
642 509 719 578 287.
743 505 947 598 κρεοβόρους
966 505 1156 598 Ἀμαζόνας
1176 515 1336 600 scripserit,

236 639 298 682 non
316 611 533 702 νρεοβότονς,
555 616 633 698 qnod
655 635 717 677 non
738 613 833 698 magis
856 615 914 677 dici
935 635 1023 698 posse
1043 614 1163 678 videtur
1182 637 1266 700 qnam
1284 643 1339 706 pa·

163 718 170 726 ’
235 711 453 807 λακτόβοτος.
497 717 550 780 llis
571 717 795 780 adnumeranda
820 726 892 780 sunt
914 709 1042 804 οἷγνιᾶς,
1073 718 1157 801 cujus
1185 739 1256 782 usus
1282 722 1339 785 frc-

236 821 462 907 qnentissimus,
485 830 627 882 accentus
649 819 765 882 stabilis
785 831 844 895 est,
867 810 1054 906 α’λλογνώς,
1077 819 1136 884 uisi
1152 820 1341 904 Empedocles

235 918 403 1014 ἀλλόχρως
430 922 551 1005 scripsit
574 942 606 983 v.
630 918 776 1004 Aglaoph.
801 919 876 984 838.
909 912 1042 1000 ducein,
1072 915 1285 1012 ‹pulloocpu'n
1312 936 1341 990 et

236 1019 360 1116 ᾰτρῶς,
381 1025 457 1109 quod
476 1023 601 1086 affertur
619 1023 652 1086 in
670 1022 872 1087 Choerobosci
891 1045 1005 1088 canone
1024 1046 1072 1110 ap.
1090 1025 1173 1088 Suid.
1196 1037 1227 1090 et
1241 1026 1338 1114 Etym.
1450 1105 1451 1118 χ

236 1131 278 1195 Μ.
304 1152 330 1194 s.
353 1123 513 1214 Ἁβλῆτα.
554 1121 771 1214 Κναμότρως
793 1137 992 1190 commentum
1015 1138 1062 1192 est
1083 1128 1187 1191 nescio
1209 1130 1291 1214 cujus
1311 1129 1341 1192 in

237 1231 338 1296 Schol.
361 1230 456 1293 Arist.
479 1229 553 1312 qu.
578 1227 632 1290 41.
656 1249 712 1291 nec
735 1229 848 1292 tutiora
868 1229 1059 1314 Hesychiana
1079 1229 1132 1293 illa
1153 1225 1290 1310 Ἁζῶτις
1310 1235 1342 1296 οἱ
1450 1305 1451 1312 ¹

235 1333 286 1421 μή
308 1337 355 1407 εἶς
376 1328 419 1399 τοὶ
442 1329 635 1398 συνεστῶτα
657 1324 823 1418 scaporum
835 1332 884 1413 ²⁸)
908 1343 940 1394 et
955 1326 1099 1405 Εὐαλώς
1120 1326 1262 1422 εὐχερῶς
1278 1339 1342 1419 θα]-

235 1431 403 1523 ρώμενος,
438 1437 523 1518 cujns
551 1433 583 1495 in
611 1432 710 1496 locum
738 1427 860 1518 εὐαλής
886 1446 1057 1518 reponunt,
1101 1456 1172 1498 nam
1200 1436 1341 1520 adjectiva
1450 1433 1451 1440 '

236 1538 373 1623 copulata
393 1537 426 1600 in
448 1524 505 1612 ἇς,
525 1523 580 1621 η-ς,
604 1521 664 1612 οἷς,
686 1556 811 1619 quorum
834 1536 986 1620 genitivus
1008 1537 1041 1600 in
1062 1523 1121 1612 τῖς
1145 1538 1223 1613 exit,
1246 1537 1341 1600 omnia

235 1640 375 1706 averhis
397 1639 484 1702 ducta
505 1649 577 1700 snut
596 1637 648 1712 iis,
671 1659 746 1720 quac
769 1659 915 1702 consonas
938 1637 1071 1726 duplices
1094 1662 1206 1726 easque
1228 1651 1262 1704 ut
1281 1641 1341 1726 plu-

234 1743 343 1808 rimum
364 1741 490 1804 mobiles
512 1739 622 1803 habent
649 1726 711 1826 pli,
732 1727 788 1825 ᾗ,
807 1727 873 1821 ττ-τ,
894 1728 967 1826 σ-τρ.
1013 1741 1097 1822 Quod
1118 1743 1153 1806 in
1175 1752 1340 1818 causaest,

236 1868 291 1912 cur
317 1845 489 1908 Hermanno
515 1835 635 1931 χερνής
664 1863 682 1904 a
709 1844 802 1906 verbo
829 1841 894 1909 νέω
924 1843 990 1908 sive
1018 1837 1117 1930 νήθω
1150 1845 1341 1932 compositum

235 1968 303 2014 esse
326 1947 435 2030 Opusc.
456 1945 492 2008 Τ.
511 1943 549 2008 V.
571 1943 645 2010 106.
669 1945 768 2009 minus
789 1945 958 2022 assentiar,
988 1967 1023 2011 ac
1044 1969 1083 2010 ne
1106 1959 1209 2033 aptum
1231 1947 1351 2032 quidem·

208 2102 212 2120 .
235 2049 356 2113 videtur
376 2048 450 2112 viris
472 2069 582 2110 nomen
607 2047 735 2132 opificii,
767 2047 815 2110 cui
838 2047 980 2112 mulieres
1004 2050 1125 2132 precfioi
1147 2051 1270 2126 solent,
1298 2069 1344 2112 re·
1450 2091 1451 2114 t

235 2161 405 2236 pugnatque
428 2150 517 2213 etiam
539 2151 631 2214 motio
651 2150 772 2234 generis
788 2151 971 2238 χερνῆσοα,
994 2152 1070 2216 nulli
1088 2153 1259 2216 verbalium
1279 2173 1344 2215 con·

191 2287 194 2292 ·
236 2273 334 2328 cessa,
358 2263 389 2315 et
408 2252 706 2335 paraschematismns
727 2245 900 2340 χερνήτης,
921 2251 1102 2342 χερνήταρ,
1123 2266 1163 2320 nt
1179 2249 1344 2341 lincopiensis,

235 2347 446 2443 λιπερνήτης.
478 2353 614 2420 Nominis
637 2350 795 2441 αἰγοθής,
817 2357 895 2438 qnod
912 2357 1014 2442 Etym.
1031 2357 1073 2420 M.
1097 2359 1229 2441 profert,
1252 2355 1343 2443 ignoti

235 2469 387 2533 auctores,
407 2457 513 2542 ignota
529 2457 701 2521 declinatio.
738 2457 838 2520 Semel
856 2457 967 2541 legitur
984 2452 1136 2547 ν’τιοὸρής
1153 2461 1257 2526 Νοοσ.
1274 2461 1339 2524 Par.

235 2560 289 2626 Vl.
315 2558 389 2624 185.
416 2555 590 2646 γινώσκων
617 2555 669 2626 ὅτι
694 2558 774 2634 λαός
795 2556 946 2648 &morieris
971 2564 1067 2628 ἔσκον
1091 2561 1256 2654 ἑταίρων,
1286 2561 1341 2626 nisi

232 2659 485 2750 ’ὑποδρήσσεσκε
512 2663 650 2748 scripsit,
680 2665 716 2726 ab
742 2658 902 2750 ὐποδροῖω
932 2664 983 2728 vel
1009 2661 1218 2753 ιῖτιοδρήοσωἱ
1242 2667 1273 2732 id
1299 2674 1344 2728 cst

233 2763 477 2852 ὑπσδέρκομαι.
512 2765 616 2850 Neque
638 2787 824 2831 communem
845 2766 1013 2852 analogiam
1035 2780 1205 2852 sequuntur
1225 2768 1342 2852 antique

234 2867 397 2944 vocabula,
424 2862 533 2954 δμιός,
563 2869 639 2952 qnod
660 2891 714 2954 pro
736 2865 824 2955 <ipsiu
847 2870 879 2933 in
900 2892 988 2934 usum
1009 2870 1094 2934 venit
1116 2882 1234 2936 mutata
1256 2866 1342 2934 cl‘ecli·

235 2970 370 3046 natione,
394 2980 426 3034 et
447 2971 619 3054 composita,
641 2965 823 3059 ὑποδμώς,
847 2973 924 3058 qnod
945 2983 1067 3037 veteres
1089 2973 1125 3036 ob
1147 2971 1342 3059 praepositio·

235 3073 284 3137 nis
304 3071 508 3156 pleonasmnm
530 3073 598 3137 acui
620 3076 812 3140 consentiunt
832 3077 904 3140 Arc.
928 3097 958 3160 p.
982 3073 1036 3140 93.
1060 3075 1163 3160 Etym.
1182 3073 1266 3152 .435,
1289 3069 1340 3137 36.

233 3168 416 3260 inculperis,
446 3177 530 3261 cnjus
555 3175 637 3242 solus
658 3177 812 3263 genitivus
838 3155 1036 3264 irenopoleos
1061 3179 1136 3262 apud
1159 3176 1340 3264 Hesychium

237 3243 323 3342 extat
349 3277 420 3340 olim
446 3297 464 3340 a
485 3277 655 3344 Ptolemaeo
682 3281 778 3344 lectus
802 3281 909 3367 Odyss.
932 3281 983 3348 Π.
1004 3278 1079 3344 305.
1109 3291 1141 3346 et
1161 3277 1342 3348 ναθανλοῐ-

234 3385 299 3453 θος
318 3378 370 3444 νο1
390 3378 539 3461 elutior,
565 3383 642 3466 qnod
664 3403 705 3446 ex
726 3383 917 3466 metaplasmo
939 3392 1038 3446 ortum
1059 3392 1184 3468 putant,
1214 3380 1343 3452 ottone

234 3479 313 3549 α’ντὶ
334 3482 397 3547 τοῦ
419 3482 567 3564 elmoni,
595 3485 664 3562 vel,
695 3496 729 3549 ut
750 3485 873 3561 Suidas,
903 3476 1147 3571 auccouloieip
1173 3481 1199 3571 ἡ
1222 3488 1342 3570 εἱμαρ-

234 3585 323 3672 μένη
344 3597 486 3671 repetunt
497 3588 555 3671 ²⁹).
594 3587 721 3653 Generis
743 3587 880 3652 neutrius
901 3609 994 3652 nuum
1016 3607 1140 3652 consors
1162 3599 1229 3652 est:
1254 3579 1342 3678 αἴζαν

234 3765 445 3778 *u—

304 3867 350 3935 28)
367 3866 433 3918 Fere
450 3873 481 3918 nt
498 3867 607 3918 latinum
625 3844 769 3917 discinctus
787 3881 832 3932 pro
849 3865 944 3929 segnis,
963 3865 1123 3928 instrenuus,
1143 3862 1188 3916 sed
1206 3863 1277 3931 epnd
1294 3861 1341 3914 Hc·

236 3955 336 4006 niodum
351 3957 465 4022 petrones
480 3946 597 4018 ἄζωστοι
613 3953 687 4006 ἔκιον
703 3981 738 3990 -—
754 3953 935 4017 significentur
951 3948 983 4005 οἱ
996 3946 1150 4005 σπεύδοντες
1166 3952 1308 4018 παρεῖναι.

304 4057 349 4116 29)
373 4056 425 4107 Hoc
442 4057 556 4122 exemplo
579 4051 703 4110 lenocinio
719 4053 819 4122 χλαῖνα
840 4071 886 4122 pro
908 4051 1044 4108 iluouiuoc
1065 4055 1166 4105 correxi
1188 4053 1224 4104 ad
1241 4052 1341 4120 Phryn.

236 4143 296 4216 ott,
316 4144 401 4194 thema
418 4139 488 4196 uilo
506 4157 563 4193 esse
580 4147 664 4203 retus,
681 4143 747 4194 unde
763 4141 872 4194 latinum
889 4142 971 4204 colus,
991 4135 1089 4196 κλώθαι
1105 4147 1175 4193 certe
1190 4147 1219 4192 et
1233 4130 1343 4192 cloiam

235 4230 368 4298 primitive
385 4227 435 4281 clici
453 4243 502 4278 nou
520 4229 635 4294 pos'sunt.
