2914 4882
154 309 204 376 DE
217 305 353 374 NOMIN.
370 305 526 372 ADIEGT.
543 305 596 372 ΕΤ
610 305 740 372 SUbS'l'.
757 304 849 373 ond.
865 303 998 372 Atffllu.
1022 307 1051 390 δ.
1069 303 1103 372 6.
1126 303 1199 374 5811

101 486 192 570 Atque
214 484 320 548 borum
341 482 485 548 feminina
507 503 569 546 non
589 501 660 547 raro
673 481 927 548 substantivorum
942 492 1042 566 partes
1056 481 1199 560 subeunt,

102 587 308 671 comprehensa
329 587 415 650 modo
436 585 510 648 artis
533 596 565 648 ct
586 584 719 648 officinae
741 585 828 647 modo
850 583 1042 648 instrumenti
1057 575 1198 660 notione,

103 689 238 766 oratoria,
262 687 443 763 barbelonis,
466 685 615 764 versoria,
639 686 753 750 lusoria
784 686 828 768 (id
850 697 898 752 est
917 685 1087 766 butellaria)
1114 679 1201 770 cipe-

100 790 204 878 τηρία,
225 785 382 878 αἷρτηρία,
398 787 559 878 βατηρία,
583 787 771 874 ζεακτηρία,
794 785 954 874 ἱκετηρία,
977 781 1201 875 μελαντηρίαν,

100 895 302 979 πευστηρία,
325 891 532 980 στυπτηρία,
556 889 740 982 σχαστηρία
769 891 939 974 (casteria),
968 911 1093 975 qnorum
1124 908 1202 952 non·

102 995 177 1060 nulla
198 1007 339 1059 neutrum
362 1016 477 1079 quoqne
497 993 606 1058 babent
628 1007 658 1058 et
680 995 889 1061 masculinum.
936 993 1084 1060 Victoria
1098 999 1201 1054 antem

101 1097 206 1182 siquis
229 1097 385 1183 adjectivis
411 1101 547 1162 inserere
576 1097 724 1174 obstinet,
760 1118 801 1162 ex
822 1096 983 1186 synonymi
1005 1093 1122 1160 adorea
1143 1111 1202 1156 osu

101 1185 287 1284 probabiliter
308 1199 512 1285 argumentari
536 1200 658 1284 poterit,
682 1183 836 1284 quorsum,
860 1193 909 1284 qui
931 1197 1004 1262 illud
1025 1195 1203 1262 introduxe-

100 1312 175 1376 runt,
200 1302 331 1365 animum
362 1302 559 1366 intenderint.
606 1302 663 1366 Sed
696 1302 918 1374 consideremus
940 1299 1010 1364 alin.
1056 1297 1202 1366 Παταν-

100 1400 150 1493 ίίῃ
170 1397 383 1470 ἀνελίττεται
403 1405 489 1470 Anat.
518 1403 592 1468 714.
623 1405 649 1470 si
672 1404 737 1488 quis
759 1425 826 1468 cnm
848 1405 915 1468 aliis
938 1402 1071 1488 ejusdem
1092 1408 1204 1484 poetae

99 1504 270 1570 dictionibus
303 1507 438 1571 conferat
469 1503 637 1598 dpraplvor'p
664 1501 824 1574 α’νελθαίν
856 1527 888 1572 v.
914 1503 987 1570 178.
1018 1497 1202 1592 ἄνωννμίῃ

100 1606 276 1694 φορέονται
298 1631 329 1674 v.
354 1607 428 1672 714.
460 1609 534 1672 nibil
556 1610 744 1674 cunctabitur
771 1609 990 1674 substantivum
1012 1607 1125 1680 dicere,
1149 1599 1202 1666 sed

99 1696 339 1775 iterr‘concener
361 1709 495 1786 dativum,
520 1732 587 1776 csse
610 1733 697 1796 posse
720 1711 860 1797 adjectivi
887 1701 1073 1782 πασσνίιίιος
1095 1707 1202 1770 adver·

98 1809 135 1872 bii
163 1809 313 1882 πασσυδί
343 1813 560 1898 significatione
592 1815 776 1900 praeditum,
814 1835 911 1900 neque
941 1813 1031 1878 aliter
1059 1812 1094 1874 de
1116 1829 1203 1876 παν·

99 1911 180 2001 scalpe
212 1913 403 2002 (πανοικί),
426 1915 649 2006 similibusque,
680 1940 755 2004 quae
777 1918 812 1982 ad
838 1917 951 2002 Pbryn.
981 1937 1011 2000 p.
1036 1911 1111 1978 518.
1135 1932 1204 1996 pro·

101 2015 162 2091 tuli,
185 2019 309 2082 sentiet.
360 2016 548 2104 Τετραορία
577 2020 655 2085 hand
682 2021 768 2086 dubie
790 2019 1008 2084 substantivum
1032 2028 1079 2082 est
1100 2025 1133 2080 ut
1153 2038 1205 2080 τε·

100 2122 301 2211 τραστοιχία,
317 2119 529 2208 διφαλαγγία,
544 2120 713 2212 τριλοφία,
735 2120 877 2210 τριοδία,
899 2117 1104 2206 τριοδοντία,
1120 2139 1206 2204 τρίς·
1255 2138 1260 2156 ’

99 2220 338 2312 ααιὸεκαμορία
361 2222 438 2286 Dial.
462 2224 613 2310 Hermipp.
644 2227 679 2290 de
701 2225 814 2290 Astrol.
840 2225 878 2289 Il.
906 2209 957 2300 1'2,
981 2221 1035 2288 49.
1059 2221 1113 2286 sed
1134 2245 1205 2290 πα-

102 2323 211 2412 ρηορία
236 2348 301 2390 non
327 2325 424 2390 solnm
452 2315 479 2390 si
513 2323 577 2412 τήν
607 2330 666 2404 ἔξω
696 2326 758 2394 τοῦ
786 2326 887 2416 ζυγοῦ
913 2321 1017 2412 ἡνίαν
1047 2327 1113 2390 sive
1135 2321 1201 2388 loru

101 2425 162 2510 equi
183 2428 295 2493 lunulis
318 2427 478 2512 significat,
501 2430 554 2492 sed
570 2429 699 2494 etiamsi
713 2423 827 2518 νόημα
843 2424 1042 2516 παρηόριον,
1065 2417 1205 2512 adjectivi

102 2525 220 2595 similius
241 2529 365 2598 videtur
387 2540 420 2596 nt
441 2527 615 2618 α’ττηόριος.
660 2527 868 2622 Αῠτοχαρία
896 2531 1011 2620 dpciorc
1027 2525 1203 2614 Apollonius

101 2629 181 2712 dixit,
205 2644 236 2698 at
251 2629 444 2702 αὐτοποὸία
473 2644 508 2697 ut
528 2635 684 2720 adjectivis
707 2637 905 2714 adscribatur,
929 2634 1006 2698 hand
1028 2629 1116 2696 facile
1138 2625 1204 2712 quis
1224 2677 1225 2680 ,

100 2729 313 2817 impetraverit.
356 2729 565 2823 Ἠμικρανία
593 2749 623 2802 et
645 2737 862 2827 ἑτεροαρανία
883 2739 909 2804 si
925 2759 990 2802 cnm
1002 2730 1108 2806 πόνος
1122 2726 1206 2816 ἡμι-

101 2827 230 2918 epotetur
264 2837 371 2901 Galen.
402 2839 514 2924 Eupor.
544 2839 581 2904 L.
605 2841 656 2906 lll.
691 2841 766 2907 516.
797 2843 833 2906 Τ.
857 2839 942 2906 XIV.
975 2844 1205 2922 componuntnr,

102 2934 172 3002 nibil
195 2939 369 3006 credibilius
398 2951 463 3018 est,
487 2963 573 3026 quam
604 2966 715 3008 nomen
746 2940 847 3022 νόσος
868 2945 1009 3010 omissum
1042 2960 1130 3018 esse,
1154 2935 1211 3002 sed'

101 3057 207 3110 moram
228 3043 329 3128 injicit
349 3045 635 3130 περιπνευμονία,
658 3049 844 3114 cuinullum
867 3071 933 3112 cum
956 3042 1111 3132 adjectivis
1134 3061 1206 3104 oon·

101 3143 233 3210 sortium.
259 3223 261 3226 ¹
295 3144 340 3209 lta
363 3149 455 3230 quasi
486 3149 649 3234 reciprocis
683 3151 766 3216 auris
799 3151 832 3215 in
860 3151 980 3216 diversa
1009 3145 1206 3232 impellimur.

100 3246 232 3333 Albula
256 3269 346 3334 supra
368 3270 434 3312 cnm
456 3249 609 3340 χειμερία
641 3265 672 3318 et
695 3253 841 3318 similibus
870 3252 1129 3326 consociavimns,
1152 3245 1206 3312 sed

102 3343 126 3408 si
146 3351 209 3432 quis
232 3352 266 3415 in
289 3349 473 3416 contrarium
497 3355 623 3420 tendens
645 3358 680 3420 ab
695 3357 821 3444 αἶθρον
841 3355 891 3418 vol
908 3356 1017 3444 ci'dpo
1031 3353 1206 3437 productum

100 3456 132 3509 ul
152 3469 170 3514 a
189 3446 285 3540 μαίτη
305 3450 427 3540 μανία,
450 3475 469 3518 a
491 3449 588 3542 μάνη
609 3457 740 3550 μανία,
769 3449 920 3544 ασποίνη
945 3452 1075 3524 σπανία
1096 3450 1206 3534 etc.⁸²)

103 3548 289 3642 ejusdemque
312 3557 426 3622 ordinis
447 3579 515 3622 csse
537 3560 661 3638 statuit,
685 3583 747 3627 non
769 3559 919 3626 deteriore
936 3561 1012 3646 jure.
1030 3559 1101 3624 erit.
1146 3552 1207 3620 No'·

103 3668 157 3732 que
179 3679 220 3726 ex
242 3681 292 3742 eo,
319 3659 396 3746 quod
416 3662 528 3726 arteria
550 3683 629 3746 aqua·
647 3663 756 3730 dicitnr
772 3675 805 3732 nt
818 3661 959 3728 interium
974 3661 1092 3738 vinum,
1117 3679 1208 3744 argu·

101 3832 308 3860 Μ...

165 3948 211 4018 82)
227 3951 278 4004 Pro
288 3956 380 4018 recola
394 3955 494 4010 dudioc.
509 3954 583 4010 xvl.
594 3955 819 4010 enucleacius
837 3956 936 4006 ccodd.¹
954 3949 1035 4022 mod
1049 3953 1145 4016 udidit;
1162 3955 1208 4004 sed

102 4021 208 4088 latinum
221 4040 314 4088 ητναίτ
335 4039 420 4092 obstat
439 4043 611 4096 tentantibus.
647 4045 812 4114 Προθετμία
831 4042 910 4107 vulgo
930 4043 998 4093 iuter
1018 4042 1121 4108 ellipsss
1142 4039 1208 4092 rele-

103 4123 163 4170 runt
176 4121 307 4176 intellmto
315 4123 421 4179 nomine
432 4123 532 4200 ἧμιρα,
557 4131 623 4198 quod
635 4130 753 4197 equidem
772 4129 882 4181 nondum
896 4121 980 4198 repert
995 4127 1035 4181 illi
1048 4129 1206 4194 adjunctum,

104 4208 132 4248 ¹0
145 4214 229 4270 potest
242 4211 433 4266 substantivum
447 4231 504 4268 esse
519 4224 549 4270 ut
561 4219 710 4286 προασμία.
