2940 4894
115 367 117 374 ,
244 281 316 355 tat
446 337 449 344 .
592 275 926 350 ’111881111110
955 271 1001 346 11.

245 459 331 551 ζαῆν
352 457 540 529 Herodianus
560 485 599 530 ιι.
613 465 711 531 Mor.
732 483 762 547 p.
781 459 836 526 17.
857 461 891 526 in
907 459 1114 546 suspicionem
1133 453 1266 539 adducit,
1289 451 1363 547 qaia

246 567 363 632 nullum
384 566 466 630 aliud
487 587 598 630 nomeu
618 565 652 628 in
670 552 716 652 qb
737 579 845 647 purum
867 573 971 639 excat,
997 563 1027 626 id
1049 563 1127 646 quod
1149 562 1287 647 exempla
1308 585 1364 628 su·

244 692 301 756 pra
322 669 474 753 proposita
494 669 691 743 confirmant,
720 665 867 730 homerici
887 676 988 730 nutem
1010 665 1175 729 testimonii
1196 665 1363 736 auctorita—

245 785 308 837 tem
331 771 432 835 clevet
454 771 620 854 scripturae
642 768 839 851 ambiguitas,
867 767 976 832 oblitus
998 767 1195 852 gravissimae
1216 767 1362 843 rationis,

246 876 324 960 qnod
353 873 503 958 adjectiva
530 869 667 936 verbalia
696 869 729 932 in
759 857 806 956 η-ιι
834 870 936 934 omnia
966 868 1128 953 composita
1157 880 1230 934 sunt
1259 865 1363 957 ἀχήν,

245 969 379 1062 αἰπήν,
400 968 540 1059 αἷααηίι.Δ
563 972 669 1038 Utrum
691 994 766 1036 vero
781 972 950 1038 Aristarchi
968 970 1149 1039 sententiam
1172 972 1362 1055 probaverit,

246 1101 286 1144 an
306 1079 392 1164 ζαῆν
415 1099 468 1162 pro
491 1074 552 1161 ζαῆ
574 1076 703 1160 positum
724 1075 887 1138 crediderit
907 1085 942 1137 ut
960 1073 1141 1160 ιλιαςμέαην,
1163 1074 1288 1137 tacitum
1309 1095 1364 1138 ne·
1410 1125 1412 1132 .

244 1181 366 1266 linquit,
390 1200 488 1264 neque
509 1178 595 1242 uobis
618 1178 771 1242 decretum
793 1187 842 1240 est
863 1176 932 1260 qnid
954 1179 1087 1240 omnium
1106 1187 1259 1260 praestct;
1289 1197 1364 1240 nam

243 1285 283 1348 ad
305 1281 538 1346 confirmandum
564 1279 645 1364 ζαῆς
665 1279 748 1359 good
774 1279 827 1342 illc
856 1279 932 1342 nibil
957 1279 1066 1343 afferre
1093 1279 1199 1364 potuit'
1217 1278 1278 1342 nisi
1303 1299 1365 1342 no·

243 1387 328 1450 mina
348 1383 487 1468 propria3
516 1378 598 1466 ζαής
620 1393 720 1446 autem
742 1381 909 1446 tritccliton
931 1391 1074 1446 testatum
1098 1382 1215 1466 quidem
1237 1392 1285 1446 cst
1305 1402 1365 1464 go-

245 1488 343 1552 nitivc
371 1485 487 1568 ζαοῦς,
523 1505 609 1568 quem
638 1483 806 1548 Brunckius
834 1483 867 1546 in
894 1483 1018 1566 Philippi
1047 1483 1150 1568 Epigr.
1178 1482 1249 1546 ΧΠ.
1278 1482 1360 1549 214.

243 1590 346 1656 Anall.
370 1589 407 1651 T.
427 1586 466 1652 ll.
489 1586 583 1650 llutb.
604 1583 668 1649 Pal.
692 1585 748 1648 lX.
774 1607 806 1648 n.
828 1583 904 1650 290.
929 1606 970 1649 ex
992 1584 1124 1649 Planude
1146 1586 1298 1670 reposuit,
1327 1597 1363 1652 et

245 1704 354 1758 neutro
383 1690 458 1770 ζαές
476 1688 585 1774 μέγα,
615 1681 723 1767 occid,
753 1685 913 1774 λαμπρόν
940 1684 965 1773 ἧ
992 1679 1130 1776 tcpcpo'o
1157 1688 1290 1774 Hesych.
1323 1699 1359 1754 et

244 1796 327 1858 Suid.
359 1793 409 1876 qui
435 1791 545 1855 alicubi
573 1790 715 1876 πνεῦμα
742 1790 815 1870 ζαές
844 1791 999 1854 invenisse
1030 1791 1190 1870 videntnr3
1227 1812 1296 1856 narn
1327 1801 1363 1856 et

243 1893 373 1981 ἄνεμος
399 1888 563 1980 λαμπρός.
585 1893 642 1958 dici
671 1893 751 1956 solet
779 1915 810 1956 v.
839 1892 971 1978 Interpp.
998 1893 1035 1956 ad
1059 1892 1154 1956 Arist.
1179 1895 1253 1979 qu.
1277 1893 1358 1960 430.

242 1998 373 2064 Dcrvill.
398 1997 436 2060 ad
458 1996 604 2080 Champ.
628 1993 704 2062 268.
748 1995 806 2058 Sed
828 1995 897 2059 buic
918 2017 979 2060 non
1002 1997 1145 2060 convenit
1166 1997 1361 2062 aecusativus

243 2101 370 2186 ζαῆαα,
398 2121 495 2184 ucquc
518 2098 659 2163 credibile
682 2109 730 2162 cst
752 2099 915 2174 Homerum
936 2121 990 2182 pro
1013 2099 1074 2185 ζαῆ
1097 2101 1254 2184 scripsisse
1275 2101 1360 2163 Aeo*

242 2205 304 2268 lum
332 2223 416 2268 moro
444 2193 528 2286 ζαήα
556 2201 607 2266 vel
634 2197 729 2286 ζόην.
772 2200 818 2264 Ad
840 2201 996 2277 ultimum,
1026 2203 1054 2266 si
1081 2203 1147 2288 quis
1175 2196 1258 2288 ζιὶην
1285 2203 1358 2266 sut-

125 2303 127 2308 ’
240 2307 407 2375 atautivum
436 2325 503 2368 esse
529 2314 643 2368 statuat
664 2303 859 2388 compositum
886 2313 920 2366 ut
942 2298 1109 2391 ζαπότην,
1141 2327 1269 2370 versura
1293 2305 1357 2370 aol-

242 2421 315 2488 vct;
349 2429 417 2472 nam
438 2429 459 2471 a
485 2405 587 2470 verbis
612 2407 695 2490 puris
721 2406 891 2490 primitivae
921 2407 1110 2472 formationis
1137 2409 1219 2472 nulla
1247 2427 1360 2492 proge-

243 2522 391 2577 nerantur
412 2511 534 2574 nomina
556 2510 610 2576 scd
631 2529 650 2572 a
671 2509 814 2572 derivatis
837 2512 1054 2588 tantummodo,
1076 2510 1264 2598 beopoiopc,
1291 2535 1357 2598 pu*

240 2613 442 2700 ααιαοφίλης
464 2623 524 2676 etc.
568 2611 710 2696 Sequitur
731 2611 859 2676 alterum
882 2634 942 2676 non
964 2613 1059 2697 magis
1081 2614 1254 2698 expeditum
1276 2612 1358 2680 αἐλ-

239 2709 317 2802 λής,
345 2716 422 2800 quod
442 2715 545 2799 Etym.
568 2715 609 2778 M.
634 2715 670 2778 ab
693 2713 775 2780 ἔλλω
797 2715 928 2798 repetit,
953 2715 1168 2800 Aristophanes
1190 2728 1291 2782 autom
1314 2717 1354 2780 ll.

240 2819 292 2884 lll.
315 2817 367 2882 13.
391 2815 574 2884 corrodium
597 2811 724 2903 ὤρνυτ’
746 2813 865 2902 αἷέλλης
885 2819 1006 2902 scripsit
1027 2830 1166 2903 tanquam
1189 2821 1355 2884 substanti.-

239 2943 324 2996 vnm,
347 2921 477 2982 fortasse
495 2919 633 2984 feminini
655 2915 758 2986 c’c'ello
775 2919 1088 3002 parascbcmatismum
1108 2915 1261 3008 ὁιίἑλλης
1283 2944 1357 2988 csse

239 3032 323 3089 ratus
346 3032 380 3085 ut
402 3015 497 3108 u'q'cq
511 3014 633 3106 αἷήτης,
651 3022 798 3104 ¹idemque
819 3023 895 3104 apud
918 3022 1101 3109 Hesycbinm
1123 3021 1275 3109 reperitur
1297 3019 1353 3090 scd

239 3134 366 3190 accentu
388 3124 580 3187 dissentauco
600 3115 735 3208 Ἀελλής
759 3121 933 3210 συστροφή
955 3121 1107 3212 odriaco,
1135 3126 1196 3191 nisi
1215 3127 1242 3192 is
1265 3129 1352 3212 geni-

238 3226 335 3292 tivum
357 3222 476 3311 ἀέλλας
501 3227 716 3310 interpretatus
745 3235 792 3289 cst
813 3227 1010 3292 nominativo.
1056 3229 1190 3293 Tertium
1214 3229 1352 3314 quiddam

237 3329 433 3415 investigavit
454 3321 654 3393 Ruttnnannus
673 3327 806 3393 Gramm.
831 3331 858 3414 ᾗ.
877 3326 932 3396 42.
955 3332 1034 3394 Adn.
1057 3329 1110 3396 15.
1134 3323 1253 3422 ιῖελλῇς
1274 3329 1352 3396 scri-

236 3433 331 3512 bens,
363 3453 460 3516 neque
485 3440 584 3496 tamen
607 3432 763 3509 diffitetur,
792 3432 972 3518 adjectivum
993 3427 1143 3520 αἷελλήιις
1168 3437 1245 3520 apud
1271 3435 1350 3499 anti-

237 3557 312 3620 quos
334 3556 395 3598 non
417 3535 565 3620 reperiri3
597 3536 675 3618 quod
697 3535 775 3600 idem
797 3536 881 3600 valet
903 3538 939 3600 de
960 3530 1149 3622 θαελλήας.
1192 3539 1352 3602 Postremo

236 3639 350 3720 fuisse,
380 3637 431 3721 qui
452 3635 631 3712 auricolor
653 3632 771 3723 α’έλλης
792 3659 846 3722 per
867 3639 1107 3724 metbypallagen
1129 3641 1257 3725 positum
1280 3661 1348 3706 cre-

236 3741 343 3804 derent
371 3759 426 3823 pro
453 3736 636 3806 corocottae
664 3733 783 3820 dotto,
817 3741 993 3824 Spitzncrus
1021 3742 1219 3807 demonstrat.
1262 3743 1350 3808 Adeo·

217 3839 371 3905 =insolens
395 3843 530 3906 omuibus
549 3843 646 3906 visum
665 3835 785 3928 οἷελλής
806 3843 984 3927 adjectivum
1007 3855 1038 3914 et
1056 3858 1178 3930 propter
1198 3867 1232 3910 sc
1255 3856 1287 3909 et
1308 3847 1347 3908 ob

234 3943 323 4007 verbi
345 3925 450 4012 αἷέλλω
474 3945 639 4021 delectum,
664 3946 741 4029 quod
762 3945 798 4008 ab
820 3937 908 4030 α’ἶημι
929 3946 996 4009 dnci
1017 3958 1136 4031 poterat
1156 3959 1190 4012 nt
1210 3939 1345 4035 α’γαῖλλω

107 4079 109 4086 v
236 4047 273 4110 ab
296 4041 439 4133 ἄγαμαι.
481 4047 586 4131 Neque
607 4045 653 4111 illi
675 4058 818 4111 statutum
841 4047 985 4126 habuere,
1012 4058 1113 4114 utrum
1140 4051 1170 4114 id
1190 4072 1244 4136 pro
1266 4043 1349 4117 cicl-

235 4141 480 4236 loidqr-dicatnr
500 4172 539 4214 an
561 4173 615 4236 pro
636 4145 719 4234 cidq'c
741 4151 806 4215 sive
827 4145 962 4236 oiollq'e.
1006 4151 1174 4237 Pluralibus
1198 4153 1344 4242 ἐλεγχέες
