2940 4894
326 329 383 396 uu
411 325 578 396 uentu.
608 323 778 426 nouos.
810 325 846 394 o.
871 323 917 393 11.
945 326 975 413 s.
999 325 1030 394 t.
1172 327 1242 396 tue

115 511 211 588 lixas,
245 529 340 593 mam
362 529 404 572 ex
424 507 521 572 futuri
548 503 701 594 (σσρίξω)
728 505 928 572 declinatione
955 505 1131 590 anticipatos
1156 527 1238 572 esso.

114 613 168 676 Est
189 611 277 675 enim
302 611 426 674 tertium
449 629 563 695 genus,
590 611 667 694 quod
689 619 721 674 et
741 609 877 676 vocalem
900 619 932 673 et
953 619 1167 674 consonantem
1188 611 1240 674 ad·

113 715 245 777 diticiam
279 713 390 778 habet:
438 704 567 779 σκάλλω
600 708 751 794 succidui,
793 705 864 780 άνω
897 705 983 786 άσαξ
1014 710 1062 792 (ut
1091 732 1109 775 a
1138 711 1240 776 verbis

112 815 301 902 synonymis
330 809 485 902 κράγσωρ
515 826 547 879 et
573 813 729 902 σελεσσής
758 815 788 878 id
817 815 877 879 esb'
893 809 1006 904 άρχωγ
1035 811 1068 878 in
1096 812 1236 902 inscript.

110 917 183 981 Elea
203 917 266 980 Xl.
294 939 326 1001 p.
346 915 402 983 26.
428 917 519 1001 Corp.
540 915 636 982 loscr.
657 917 726 982 Vol.
749 915 810 1000 l.),
840 915 945 1008 σάφ’ρω
970 913 1110 1004 σήραγξ,
1140 909 1237 1004 φάρισ

110 1013 242 1105 φάραγξ
263 1015 413 1103 (vorago)
434 1029 465 1083 et
486 1011 616 1107 φάρυγξ
636 1022 685 1100 (ut
705 1016 853 1107 άλάλσγξ
871 1029 903 1084 et
922 1015 1094 1107 άλάλῦγξ),
1118 1010 1237 1105 moiseo

108 1113 244 1199 πάσσσιξ
261 1113 457 1208 (aduectos
473 1121 638 1206 pessulus),
659 1114 768 1188 σάλλω
787 1115 902 1202 σάλαξ,
922 1115 1061 1208 πλήσσισ
1076 1118 1238 1210 πλάστιγξ

110 1222 216 1288 Galen.
239 1223 350 1288 Gloss.
374 1245 404 1308 p.
424 1222 498 1288 546.
538 1224 619 1288 Haec
641 1235 742 1288 autem
765 1223 791 1288 si
813 1223 954 1290 avertis
976 1224 1153 1310 repetimus,
1177 1225 1238 1288 uti·

109 1347 163 1408 que
185 1327 289 1390 verba
314 1327 444 1412 intelligi
467 1327 606 1391 volumus
630 1347 691 1390 non
714 1326 852 1390 omnibus
874 1325 937 1391 suis
955 1326 1087 1410 partibus
1104 1327 1238 1410 perlecta

109 1438 137 1492 et
157 1428 309 1492 absoluta
331 1430 384 1494 sed
405 1430 515 1514 stirpes
545 1439 577 1492 et
598 1429 683 1513 quasi
705 1429 822 1494 semina
843 1429 1018 1493 verborum.
1060 1425 1100 1492 Ut
1120 1439 1237 1492 certum

113 1530 249 1613 quiddam
275 1532 411 1618 exempli
435 1553 525 1596 causa
545 1553 672 1617 ponam,
702 1522 788 1620 βλάξ
810 1540 841 1594 et
862 1530 1002 1615 deinceps
1023 1523 1177 1617 μαλακός
1200 1551 1236 1596 ao

107 1629 275 1716 μσλάσσω
310 1645 410 1698 ortum
437 1655 505 1698 esse
534 1633 600 1698 dico
629 1636 665 1698 ab
688 1645 790 1720 etymo
815 1619 905 1720 pedi,
936 1633 1013 1717 quod
1041 1653 1082 1696 ex
1106 1629 1235 1720 μωλῦς,

110 1733 225 1812 mollis,
256 1737 382 1813 malva,
410 1733 567 1826 μαλάχη,
593 1727 740 1826 μσλάχη,
769 1735 910 1820 pellucet.
956 1735 1019 1800 Hoc
1041 1744 1141 1798 autem
1163 1721 1236 1822 γῖἆῖ

110 1857 195 1919 quum
219 1839 258 1901 ab
286 1859 342 1902 ore
363 1849 395 1903 et
413 1840 535 1904 auribus
555 1838 739 1904 Graecorum
760 1838 949 1914 abhorreret,
974 1857 1134 1922 quumque,
1158 1836 1236 1922 quod

111 1939 291 2020 proximum
315 1952 398 2017 erat,
420 1934 527 2028 μάλς,
551 1941 752 2026 displicuisset
773 1941 810 2004 ob
832 1940 1075 2004 terminationem
1097 1961 1157 2004 uuo
1180 1961 1235 2006 ex·

111 2041 204 2124 amplo
228 2039 299 2116 άλς
321 2065 426 2127 parum
448 2055 637 2120 excusatam,
662 2065 755 2108 uuum
776 2053 935 2127 supererat
954 2033 1078 2128 μάλαξ,
1102 2043 1155 2106 sed
1177 2042 1234 2108 boo

27 2159 29 2176 s
113 2163 225 2227 quoque
255 2146 354 2210 cessit
380 2147 528 2210 incertum
558 2167 614 2230 qua
642 2147 678 2210 de
701 2166 792 2210 causa
812 2145 946 2212 breviori
967 2137 1072 2233 βλάξ·
1106 2166 1236 2230 namque
1324 2229 1333 2240 ι

117 2238 199 2329 μάλξ
220 2269 287 2311 non
311 2247 407 2334 magis
429 2250 595 2333 probarunt
616 2270 702 2333 quam
724 2243 795 2323 άλξ.
829 2248 965 2332 Denique
986 2247 1164 2334 synaeresin
1185 2267 1234 2312 se·

115 2359 200 2429 quuta
228 2361 280 2442 est
308 2351 464 2434 productio
488 2350 604 2414 vocalis
628 2348 714 2434 alpba
742 2361 854 2414 natura
873 2349 994 2425 brevis,
1025 2349 1115 2413 sicuti
1141 2347 1232 2436 πέσω

116 2446 265 2536 πράσσω,
290 2451 384 2519 πέσω
405 2445 560 2538 πτήσσω,
584 2452 686 2518 coilo
710 2445 861 2539 σκληρός,
882 2446 983 2518 θάνω
1007 2451 1149 2537 duduco,
1171 2443 1234 2520 δά-

29 2637 30 2651 }
115 2575 214 2636 μσσις
238 2555 378 2642 δμῦσις,
401 2548 558 2642 depactio
580 2551 724 2642 δμφσήρ.
757 2555 862 2640 Neque
884 2575 1028 2638 negamus
1048 2553 1113 2616 lieri
1131 2575 1232 2640 posse,

30 2655 31 2712 i
117 2665 149 2717 ut
170 2657 320 2750 nonnulla
345 2659 466 2722 illorum
493 2659 665 2733 nominum,
696 2659 771 2742 quae
793 2655 964 2722 verbalibus
989 2657 1231 2736 adnumeremus,

118 2775 134 2818 a
153 2761 325 2824 nominibus
348 2772 447 2824 ortum
470 2761 598 2826 babeant
620 2751 708 2825 bodie
728 2759 867 2836 amissis,
890 2769 924 2822 ut
946 2751 1098 2844 δράπαξ,
1121 2752 1232 2838 δόναξ.

119 2855 285 2948 Eademque
309 2864 453 2928 dubitatio
475 2864 511 2927 de
533 2855 680 2954 χάσκαξ,’
694 2857 841 2950 σρῦφσξ,
863 2854 965 2948 βόαξ,
987 2860 1123 2927 illinoine
1145 2864 1234 2929 ducta

119 2961 192 3042 sint,
223 2977 260 3030 ut
287 2965 381 3028 latina
403 2987 519 3042 vorax,
548 2988 665 3042 verax,
696 2967 792 3042 edax,
822 2985 930 3041 emax,
962 2985 1001 3028 an
1023 2985 1042 3028 a
1063 2965 1233 3032 nominibus

121 3067 192 3130 unde
214 3068 346 3154 plurima
368 3068 457 3146 talia,
488 3088 506 3131 a
529 3069 681 3134 tritoclitis
703 3068 773 3156 μῦς
794 3064 902 3154 μῦσξ,
924 3065 1004 3154 δρῦς
1026 3060 1145 3152 δρῦαξ,
1172 3069 1232 3143 σῦς

122 3159 198 3246 σῦαξ
219 3171 315 3256 pisois
339 3171 387 3253 (nt
409 3161 547 3254 σῦσισσ)
569 3193 600 3235 v.
626 3171 721 3256 lntpp.
742 3167 783 3234 *ad
804 3169 936 3256 Hesycb.
961 3191 988 3234 s.
1011 3162 1173 3258 Σῦβσκσ,
1195 3173 1231 3236 ab

122 3269 182 3336 aliis
197 3273 461 3338 terminationibus
476 3276 585 3361 ἔρνσξ,
602 3266 745 3360 φαῦσιγξ
763 3269 950 3358 (poecile),
967 3264 1091 3362 φάσιγξ
1104 3267 1232 3361 (αῦγή).

123 3371 334 3457 Aprotoolitis
356 3367 513 3464 πλάτιγξ,
543 3371 707 3466 σσόρῦῦξ,
734 3374 861 3465 σχίῦαξ,
884 3365 1033 3461 adposui,
1063 3367 1233 3460 σφῦλλσσ

123 3469 248 3559 pollio&
267 3473 396 3565 (pulex),
417 3500 435 3542 a
454 3473 562 3564 φάλος
580 3479 692 3562 (palus)
709 3471 819 3565 φάλαξ
836 3479 901 3542 sive
919 3469 1049 3564 φάλαγξ
1067 3477 1232 3561 (palanga),

126 3579 286 3667 anotpoo
306 3579 446 3666 πσέρῦξ,
474 3602 495 3644 a
516 3578 635 3670 φήφσς
657 3578 782 3667 poppis,
812 3571 950 3667 ψήφαξ,
978 3571 1125 3667 φήφιγξ,
1154 3581 1232 3662 quod

108 3673 220 3765 ¹litym.
242 3681 287 3748 Μ.
313 3705 380 3747 cum
400 3681 495 3772 λάϊγξ
517 3684 688 3759 contendit,
712 3703 731 3748 a
751 3675 868 3772 κῦχλσς
888 3674 1007 3772 κόχλαξ
1020 3687 1068 3767 ⁷),
1096 3683 1173 3768 quod
1193 3685 1230 3748 ab
1309 3741 1314 3753 .

127 3879 330 3903 Ἁ-

192 4041 218 4110 ⁷)
244 4045 335 4098 Corsis
358 4046 390 4098 ad
410 4045 511 4098 lleliod.
529 4062 556 4114 p.
574 4047 601 4100 3.
626 4047 693 4098 idem
716 4061 773 4098 csse
796 4051 873 4113 putat
895 4043 962 4112 quod
981 4033 1099 4112 κάχληξ,
1120 4033 1229 4112 ncipit&

129 4119 263 4226 Utriusque
288 4135 360 4200 origo
386 4133 498 4186 sortasse
525 4134 635 4186 latinum
665 4133 724 4186 calx
752 4129 908 4202 (calculus),
945 4133 1013 4185 nude
1041 4133 1230 4201 reduplicatum

130 4209 226 4279 καγλιξ.
