<?xml version="1.0" encoding="UTF-8"?>
<!DOCTYPE html PUBLIC "-//W3C//DTD XHTML 1.0 Transitional//EN"
    "http://www.w3.org/TR/xhtml1/DTD/xhtml1-transitional.dtd">
<html xmlns="http://www.w3.org/1999/xhtml" xml:lang="en" lang="en">
 <head>
  <title>
</title>
<meta http-equiv="Content-Type" content="text/html;charset=utf-8" />
  <meta name='ocr-system' content='tesseract 3.04.00' />
  <meta name='ocr-capabilities' content='ocr_page ocr_carea ocr_par ocr_line ocrx_word'/>
</head>
<body>
  <div class='ocr_page' id='page_1' title='image "./paralipomenagra00dindgoog_0226.png"; bbox 0 0 2926 4886; ppageno 0'>
   <div class='ocr_carea' id='block_1_1' title="bbox 276 247 1216 389">
    <p class='ocr_par' dir='ltr' id='par_1_1' title="bbox 276 247 1216 389">
     <span class='ocr_line' id='line_1_1' title="bbox 276 247 1216 389; baseline -0.005 -12"><span class='ocrx_word' id='word_1_1' title='bbox 276 309 335 376; x_wconf 86' lang='lat' dir='ltr'><strong>oa</strong></span> <span class='ocrx_word' id='word_1_2' title='bbox 355 247 542 374; x_wconf 78' lang='lat' dir='ltr'><strong>aornar.</strong></span> <span class='ocrx_word' id='word_1_3' title='bbox 579 302 796 372; x_wconf 83' lang='grc' dir='ltr'>ικιιοοιι.</span> <span class='ocrx_word' id='word_1_4' title='bbox 827 304 864 370; x_wconf 89' lang='lat' dir='ltr'><strong>c.</strong></span> <span class='ocrx_word' id='word_1_5' title='bbox 893 303 938 369; x_wconf 91' lang='lat'><strong>11.</strong></span> <span class='ocrx_word' id='word_1_6' title='bbox 960 305 989 389; x_wconf 67' lang='grc' dir='ltr'><strong>ς.</strong></span> <span class='ocrx_word' id='word_1_7' title='bbox 1009 301 1042 370; x_wconf 81' lang='lat'><strong>2.</strong></span> <span class='ocrx_word' id='word_1_8' title='bbox 1140 303 1216 372; x_wconf 81' lang='lat' dir='ltr'><strong>aon</strong></span> 
     </span>
    </p>
   </div>
   <div class='ocr_carea' id='block_1_2' title="bbox 24 479 1269 4162">
    <p class='ocr_par' dir='ltr' id='par_1_2' title="bbox 24 479 1269 4162">
     <span class='ocr_line' id='line_1_2' title="bbox 112 479 1211 574; baseline -0.006 -17"><span class='ocrx_word' id='word_1_9' title='bbox 112 493 200 558; x_wconf 90' lang='lat' dir='ltr'><strong>minat</strong></span> <span class='ocrx_word' id='word_1_10' title='bbox 227 491 275 556; x_wconf 89' lang='lat' dir='ltr'><strong>De</strong></span> <span class='ocrx_word' id='word_1_11' title='bbox 297 491 424 556; x_wconf 83' lang='lat' dir='ltr'><strong>Acuent.</strong></span> <span class='ocrx_word' id='word_1_12' title='bbox 455 511 486 574; x_wconf 92' lang='lat' dir='ltr'><strong>p.</strong></span> <span class='ocrx_word' id='word_1_13' title='bbox 509 485 585 554; x_wconf 81' lang='grc'><strong>250.</strong></span> <span class='ocrx_word' id='word_1_14' title='bbox 616 479 752 573; x_wconf 81' lang='grc' dir='ltr'>εἶκότηρ</span> <span class='ocrx_word' id='word_1_15' title='bbox 778 484 868 550; x_wconf 86' lang='lat' dir='ltr'><strong>scrili</strong></span> <span class='ocrx_word' id='word_1_16' title='bbox 897 495 932 550; x_wconf 88' lang='lat' dir='ltr'><strong>ut</strong></span> <span class='ocrx_word' id='word_1_17' title='bbox 960 493 1061 550; x_wconf 85' lang='lat' dir='ltr'><strong>cetera</strong></span> <span class='ocrx_word' id='word_1_18' title='bbox 1090 505 1211 572; x_wconf 81' lang='grc' dir='ltr'>συγχε-</span> 
     </span>
     <span class='ocr_line' id='line_1_3' title="bbox 111 584 1211 677; baseline -0.006 -16"><span class='ocrx_word' id='word_1_19' title='bbox 111 585 195 662; x_wconf 84' lang='grc' dir='ltr'>κιιό.</span> <span class='ocrx_word' id='word_1_20' title='bbox 240 594 302 656; x_wconf 90' lang='lat' dir='ltr'><strong>Pro</strong></span> <span class='ocrx_word' id='word_1_21' title='bbox 321 589 486 677; x_wconf 83' lang='grc' dir='ltr'>Ἐλεόζειρ</span> <span class='ocrx_word' id='word_1_22' title='bbox 507 591 583 676; x_wconf 91' lang='lat' dir='ltr'><strong>apud</strong></span> <span class='ocrx_word' id='word_1_23' title='bbox 607 589 834 674; x_wconf 81' lang='lat' dir='ltr'><strong>Theognostum</strong></span> <span class='ocrx_word' id='word_1_24' title='bbox 850 585 887 650; x_wconf 94' lang='lat' dir='ltr'><strong>ll.</strong></span> <span class='ocrx_word' id='word_1_25' title='bbox 902 585 957 650; x_wconf 94' lang='grc'><strong>41.</strong></span> <span class='ocrx_word' id='word_1_26' title='bbox 981 584 1094 652; x_wconf 87' lang='lat' dir='ltr'><strong>rectius</strong></span> <span class='ocrx_word' id='word_1_27' title='bbox 1109 585 1211 656; x_wconf 80' lang='grc' dir='ltr'><strong>Ἀλό-</strong></span> 
     </span>
     <span class='ocr_line' id='line_1_4' title="bbox 111 688 1211 781; baseline -0.005 -19"><span class='ocrx_word' id='word_1_28' title='bbox 111 701 169 781; x_wconf 84' lang='grc' dir='ltr'>ζειρ</span> <span class='ocrx_word' id='word_1_29' title='bbox 197 693 313 780; x_wconf 84' lang='lat' dir='ltr'><strong>legitur</strong></span> <span class='ocrx_word' id='word_1_30' title='bbox 340 705 471 758; x_wconf 88' lang='lat' dir='ltr'><strong>sumtum</strong></span> <span class='ocrx_word' id='word_1_31' title='bbox 505 714 547 758; x_wconf 88' lang='lat' dir='ltr'><strong>cx</strong></span> <span class='ocrx_word' id='word_1_32' title='bbox 576 693 687 756; x_wconf 82' lang='lat' dir='ltr'><strong>Herod.</strong></span> <span class='ocrx_word' id='word_1_33' title='bbox 718 689 771 754; x_wconf 92' lang='lat' dir='ltr'><strong>lV.</strong></span> <span class='ocrx_word' id='word_1_34' title='bbox 803 688 876 752; x_wconf 91' lang='grc'><strong>164.</strong></span> <span class='ocrx_word' id='word_1_35' title='bbox 911 689 961 754; x_wconf 89' lang='lat' dir='ltr'><strong>ubi</strong></span> <span class='ocrx_word' id='word_1_36' title='bbox 992 709 1100 765; x_wconf 85' lang='lat' dir='ltr'><strong>nomen</strong></span> <span class='ocrx_word' id='word_1_37' title='bbox 1129 691 1211 774; x_wconf 84' lang='lat' dir='ltr'><strong>rogis</strong></span> 
     </span>
     <span class='ocr_line' id='line_1_5' title="bbox 110 787 1210 892; baseline -0.002 -30"><span class='ocrx_word' id='word_1_38' title='bbox 110 799 226 892; x_wconf 78' lang='lat' dir='ltr'><strong>Baropei</strong></span> <span class='ocrx_word' id='word_1_39' title='bbox 248 797 342 882; x_wconf 82' lang='lat' dir='ltr'><strong>vulgo</strong></span> <span class='ocrx_word' id='word_1_40' title='bbox 369 792 500 881; x_wconf 81' lang='grc' dir='ltr'>Ἀλόζιρ</span> <span class='ocrx_word' id='word_1_41' title='bbox 527 795 681 870; x_wconf 76' lang='lat' dir='ltr'>scribitur,</span> <span class='ocrx_word' id='word_1_42' title='bbox 712 792 745 856; x_wconf 92' lang='lat' dir='ltr'><strong>in</strong></span> <span class='ocrx_word' id='word_1_43' title='bbox 778 793 863 856; x_wconf 90' lang='lat' dir='ltr'><strong>codd.</strong></span> <span class='ocrx_word' id='word_1_44' title='bbox 884 787 1047 878; x_wconf 78' lang='grc' dir='ltr'>Ἀλαζείρ,</span> <span class='ocrx_word' id='word_1_45' title='bbox 1070 787 1210 882; x_wconf 71' lang='grc' dir='ltr'>Ἀλαζήρ</span> 
     </span>
     <span class='ocr_line' id='line_1_6' title="bbox 110 894 1207 985; baseline 0 -23"><span class='ocrx_word' id='word_1_46' title='bbox 110 895 291 985; x_wconf 77' lang='grc' dir='ltr'>οιΆλιζοῖρ.</span> <span class='ocrx_word' id='word_1_47' title='bbox 343 899 398 964; x_wconf 82' lang='lat' dir='ltr'><strong>llis</strong></span> <span class='ocrx_word' id='word_1_48' title='bbox 430 898 650 962; x_wconf 78' lang='lat' dir='ltr'><strong>adnumeranda</strong></span> <span class='ocrx_word' id='word_1_49' title='bbox 676 905 747 961; x_wconf 89' lang='lat' dir='ltr'><strong>eunt</strong></span> <span class='ocrx_word' id='word_1_50' title='bbox 776 895 876 982; x_wconf 80' lang='grc' dir='ltr'>χίζειρ</span> <span class='ocrx_word' id='word_1_51' title='bbox 906 894 1057 960; x_wconf 73' lang='lat' dir='ltr'><strong>exoticam</strong></span> <span class='ocrx_word' id='word_1_52' title='bbox 1085 895 1207 962; x_wconf 86' lang='lat' dir='ltr'><strong>Arrian.</strong></span> 
     </span>
     <span class='ocr_line' id='line_1_7' title="bbox 108 996 1211 1088; baseline 0.001 -24"><span class='ocrx_word' id='word_1_53' title='bbox 108 1001 144 1064; x_wconf 88' lang='lat' dir='ltr'><strong>M.</strong></span> <span class='ocrx_word' id='word_1_54' title='bbox 167 1001 298 1088; x_wconf 80' lang='lat' dir='ltr'><strong>Erythr.</strong></span> <span class='ocrx_word' id='word_1_55' title='bbox 322 1023 352 1086; x_wconf 92' lang='lat' dir='ltr'><strong>p.</strong></span> <span class='ocrx_word' id='word_1_56' title='bbox 377 999 451 1066; x_wconf 87' lang='grc'><strong>140.</strong></span> <span class='ocrx_word' id='word_1_57' title='bbox 475 1011 507 1064; x_wconf 86' lang='lat' dir='ltr'><strong>et</strong></span> <span class='ocrx_word' id='word_1_58' title='bbox 528 1003 623 1085; x_wconf 76' lang='grc' dir='ltr'>ἔθειρ</span> <span class='ocrx_word' id='word_1_59' title='bbox 651 1000 687 1064; x_wconf 90' lang='lat' dir='ltr'><strong>ab</strong></span> <span class='ocrx_word' id='word_1_60' title='bbox 709 999 810 1082; x_wconf 84' lang='lat' dir='ltr'><strong>Etym.</strong></span> <span class='ocrx_word' id='word_1_61' title='bbox 834 996 968 1073; x_wconf 88' lang='lat' dir='ltr'><strong>allatum,</strong></span> <span class='ocrx_word' id='word_1_62' title='bbox 992 999 1211 1082; x_wconf 88' lang='lat' dir='ltr'><strong>praeterquod</strong></span> 
     </span>
     <span class='ocr_line' id='line_1_8' title="bbox 109 1099 1208 1186; baseline 0.003 -22"><span class='ocrx_word' id='word_1_63' title='bbox 109 1102 217 1166; x_wconf 91' lang='lat' dir='ltr'><strong>nullom</strong></span> <span class='ocrx_word' id='word_1_64' title='bbox 240 1114 303 1178; x_wconf 89' lang='lat' dir='ltr'><strong>est,</strong></span> <span class='ocrx_word' id='word_1_65' title='bbox 326 1105 404 1186; x_wconf 83' lang='lat' dir='ltr'><strong>quod</strong></span> <span class='ocrx_word' id='word_1_66' title='bbox 427 1125 493 1168; x_wconf 92' lang='lat' dir='ltr'><strong>oum</strong></span> <span class='ocrx_word' id='word_1_67' title='bbox 515 1103 583 1168; x_wconf 87' lang='lat' dir='ltr'><strong>aliis</strong></span> <span class='ocrx_word' id='word_1_68' title='bbox 611 1100 757 1167; x_wconf 88' lang='lat' dir='ltr'><strong>orationis</strong></span> <span class='ocrx_word' id='word_1_69' title='bbox 789 1099 921 1183; x_wconf 89' lang='lat' dir='ltr'><strong>partibus</strong></span> <span class='ocrx_word' id='word_1_70' title='bbox 944 1099 1075 1184; x_wconf 90' lang='lat' dir='ltr'><strong>copulari</strong></span> <span class='ocrx_word' id='word_1_71' title='bbox 1097 1102 1208 1185; x_wconf 71' lang='lat' dir='ltr'><strong>possitp</strong></span> 
     </span>
     <span class='ocr_line' id='line_1_9' title="bbox 107 1201 1209 1290; baseline 0.004 -24"><span class='ocrx_word' id='word_1_72' title='bbox 107 1224 138 1267; x_wconf 88' lang='lat' dir='ltr'><strong>ac</strong></span> <span class='ocrx_word' id='word_1_73' title='bbox 151 1225 189 1268; x_wconf 89' lang='lat' dir='ltr'><strong>nc</strong></span> <span class='ocrx_word' id='word_1_74' title='bbox 203 1205 413 1290; x_wconf 87' lang='lat' dir='ltr'><strong>monosyllaba</strong></span> <span class='ocrx_word' id='word_1_75' title='bbox 434 1206 563 1290; x_wconf 86' lang='lat' dir='ltr'><strong>quidem,</strong></span> <span class='ocrx_word' id='word_1_76' title='bbox 588 1225 663 1288; x_wconf 89' lang='lat' dir='ltr'><strong>qnae</strong></span> <span class='ocrx_word' id='word_1_77' title='bbox 684 1224 774 1287; x_wconf 87' lang='lat' dir='ltr'><strong>snpra</strong></span> <span class='ocrx_word' id='word_1_78' title='bbox 798 1201 951 1278; x_wconf 86' lang='lat' dir='ltr'><strong>recensui,</strong></span> <span class='ocrx_word' id='word_1_79' title='bbox 974 1202 1010 1266; x_wconf 89' lang='lat' dir='ltr'><strong>ad</strong></span> <span class='ocrx_word' id='word_1_80' title='bbox 1029 1201 1108 1268; x_wconf 92' lang='lat' dir='ltr'><strong>hunc</strong></span> <span class='ocrx_word' id='word_1_81' title='bbox 1123 1227 1209 1270; x_wconf 89' lang='lat' dir='ltr'><strong>nsum</strong></span> 
     </span>
     <span class='ocr_line' id='line_1_10' title="bbox 107 1302 1210 1397; baseline 0.006 -28"><span class='ocrx_word' id='word_1_82' title='bbox 107 1317 168 1388; x_wconf 88' lang='lat' dir='ltr'><strong>apta</strong></span> <span class='ocrx_word' id='word_1_83' title='bbox 189 1319 315 1391; x_wconf 87' lang='lat' dir='ltr'><strong>praeter</strong></span> <span class='ocrx_word' id='word_1_84' title='bbox 338 1306 526 1397; x_wconf 82' lang='grc' dir='ltr'>ιιιιιιιιι’χει’ρ.</span> <span class='ocrx_word' id='word_1_85' title='bbox 569 1307 645 1372; x_wconf 84' lang='lat' dir='ltr'><strong>Hinc</strong></span> <span class='ocrx_word' id='word_1_86' title='bbox 667 1305 794 1389; x_wconf 91' lang='lat' dir='ltr'><strong>primum</strong></span> <span class='ocrx_word' id='word_1_87' title='bbox 817 1305 925 1388; x_wconf 81' lang='lat' dir='ltr'><strong>pendet</strong></span> <span class='ocrx_word' id='word_1_88' title='bbox 949 1302 1109 1396; x_wconf 80' lang='grc' dir='ltr'>α’κκίχειρ,</span> <span class='ocrx_word' id='word_1_89' title='bbox 1132 1313 1210 1394; x_wconf 87' lang='lat' dir='ltr'><strong>quod</strong></span> 
     </span>
     <span class='ocr_line' id='line_1_11' title="bbox 108 1402 1209 1499; baseline 0.007 -30"><span class='ocrx_word' id='word_1_90' title='bbox 108 1409 284 1492; x_wconf 74' lang='lat' dir='ltr'><strong>adJeotivum</strong></span> <span class='ocrx_word' id='word_1_91' title='bbox 314 1421 362 1474; x_wconf 91' lang='lat' dir='ltr'><strong>est</strong></span> <span class='ocrx_word' id='word_1_92' title='bbox 382 1405 553 1499; x_wconf 80' lang='grc' dir='ltr'>οἲκτίχερσι</span> <span class='ocrx_word' id='word_1_93' title='bbox 576 1402 725 1495; x_wconf 76' lang='grc' dir='ltr'>βόμβοις</span> <span class='ocrx_word' id='word_1_94' title='bbox 746 1405 857 1470; x_wconf 86' lang='lat' dir='ltr'><strong>Athen.</strong></span> <span class='ocrx_word' id='word_1_95' title='bbox 886 1405 970 1470; x_wconf 90' lang='lat' dir='ltr'><strong>XlV.</strong></span> <span class='ocrx_word' id='word_1_96' title='bbox 995 1406 1069 1472; x_wconf 88' lang='grc'><strong>636.</strong></span> <span class='ocrx_word' id='word_1_97' title='bbox 1093 1411 1132 1475; x_wconf 72' lang='lat' dir='ltr'><strong>A:</strong></span> <span class='ocrx_word' id='word_1_98' title='bbox 1156 1415 1209 1478; x_wconf 90' lang='lat' dir='ltr'><strong>sed</strong></span> 
     </span>
     <span class='ocr_line' id='line_1_12' title="bbox 107 1504 1208 1600; baseline 0.008 -29"><span class='ocrx_word' id='word_1_99' title='bbox 107 1509 277 1596; x_wconf 89' lang='lat' dir='ltr'><strong>plerumque</strong></span> <span class='ocrx_word' id='word_1_100' title='bbox 300 1513 486 1576; x_wconf 85' lang='lat' dir='ltr'><strong>substantive</strong></span> <span class='ocrx_word' id='word_1_101' title='bbox 500 1511 610 1576; x_wconf 87' lang='lat' dir='ltr'><strong>dicitur</strong></span> <span class='ocrx_word' id='word_1_102' title='bbox 629 1505 776 1598; x_wconf 77' lang='grc' dir='ltr'>οἶκτίχειρ</span> <span class='ocrx_word' id='word_1_103' title='bbox 793 1504 811 1574; x_wconf 91' lang='grc' dir='ltr'>ό</span> <span class='ocrx_word' id='word_1_104' title='bbox 826 1504 887 1598; x_wconf 82' lang='grc' dir='ltr'><strong>ὅλῃ</strong></span> <span class='ocrx_word' id='word_1_105' title='bbox 905 1509 947 1600; x_wconf 81' lang='grc' dir='ltr'><strong>κῇ</strong></span> <span class='ocrx_word' id='word_1_106' title='bbox 961 1511 1043 1600; x_wconf 74' lang='grc' dir='ltr'>χειρὶ</span> <span class='ocrx_word' id='word_1_107' title='bbox 1064 1513 1140 1581; x_wconf 76' lang='grc' dir='ltr'>ἴσον</span> <span class='ocrx_word' id='word_1_108' title='bbox 1152 1513 1208 1582; x_wconf 86' lang='lat' dir='ltr'><strong>do·</strong></span> 
     </span>
     <span class='ocr_line' id='line_1_13' title="bbox 107 1602 1210 1706; baseline 0.005 -30"><span class='ocrx_word' id='word_1_109' title='bbox 107 1602 252 1695; x_wconf 80' lang='grc' dir='ltr'>κόμεκος</span> <span class='ocrx_word' id='word_1_110' title='bbox 284 1613 392 1680; x_wconf 88' lang='lat' dir='ltr'><strong>Galen.</strong></span> <span class='ocrx_word' id='word_1_111' title='bbox 416 1613 497 1698; x_wconf 87' lang='lat' dir='ltr'><strong>lsog.</strong></span> <span class='ocrx_word' id='word_1_112' title='bbox 521 1614 564 1676; x_wconf 91' lang='lat' dir='ltr'><strong>X.</strong></span> <span class='ocrx_word' id='word_1_113' title='bbox 589 1610 662 1678; x_wconf 87' lang='grc'><strong>704.</strong></span> <span class='ocrx_word' id='word_1_114' title='bbox 688 1623 719 1676; x_wconf 90' lang='lat' dir='ltr'><strong>ct</strong></span> <span class='ocrx_word' id='word_1_115' title='bbox 739 1609 758 1677; x_wconf 90' lang='grc' dir='ltr'>ό</span> <span class='ocrx_word' id='word_1_116' title='bbox 779 1613 899 1686; x_wconf 77' lang='grc' dir='ltr'>κοινῶς</span> <span class='ocrx_word' id='word_1_117' title='bbox 923 1607 1104 1700; x_wconf 76' lang='grc' dir='ltr'>λεγόμενος</span> <span class='ocrx_word' id='word_1_118' title='bbox 1126 1639 1210 1706; x_wconf 81' lang='grc' dir='ltr'>καρ-</span> 
     </span>
     <span class='ocr_line' id='line_1_14' title="bbox 107 1714 1208 1804; baseline 0.006 -26"><span class='ocrx_word' id='word_1_119' title='bbox 107 1739 215 1804; x_wconf 82' lang='grc' dir='ltr'>κοχειρ</span> <span class='ocrx_word' id='word_1_120' title='bbox 227 1715 368 1780; x_wconf 87' lang='lat' dir='ltr'><strong>Eustath</strong></span> <span class='ocrx_word' id='word_1_121' title='bbox 378 1738 407 1800; x_wconf 98' lang='lat' dir='ltr'>p</span> <span class='ocrx_word' id='word_1_122' title='bbox 421 1714 514 1792; x_wconf 91' lang='grc'><strong>1072,</strong></span> <span class='ocrx_word' id='word_1_123' title='bbox 525 1714 578 1780; x_wconf 84' lang='grc'><strong>38.</strong></span> <span class='ocrx_word' id='word_1_124' title='bbox 603 1726 666 1778; x_wconf 90' lang='lat' dir='ltr'><strong>tum</strong></span> <span class='ocrx_word' id='word_1_125' title='bbox 687 1714 903 1799; x_wconf 77' lang='lat' dir='ltr'><strong>adjectivorum</strong></span> <span class='ocrx_word' id='word_1_126' title='bbox 926 1736 1086 1782; x_wconf 90' lang='lat' dir='ltr'><strong>numerosa</strong></span> <span class='ocrx_word' id='word_1_127' title='bbox 1106 1739 1208 1803; x_wconf 86' lang='lat' dir='ltr'><strong>prosa·</strong></span> 
     </span>
     <span class='ocr_line' id='line_1_15' title="bbox 107 1807 1208 1914; baseline 0.009 -36.168"><span class='ocrx_word' id='word_1_128' title='bbox 107 1817 149 1900; x_wconf 88' lang='lat' dir='ltr'><strong>pia</strong></span> <span class='ocrx_word' id='word_1_129' title='bbox 171 1811 352 1908; x_wconf 75' lang='grc' dir='ltr'>οἷόικόχειρ,</span> <span class='ocrx_word' id='word_1_130' title='bbox 375 1814 531 1907; x_wconf 82' lang='grc' dir='ltr'>όρτίχειρ,</span> <span class='ocrx_word' id='word_1_131' title='bbox 554 1810 719 1914; x_wconf 83' lang='grc' dir='ltr'>αόκόχειρ,</span> <span class='ocrx_word' id='word_1_132' title='bbox 742 1807 879 1905; x_wconf 71' lang='grc' dir='ltr'>ἑξάχειρ,</span> <span class='ocrx_word' id='word_1_133' title='bbox 895 1811 1015 1907; x_wconf 81' lang='grc' dir='ltr'>εόχειρ,</span> <span class='ocrx_word' id='word_1_134' title='bbox 1031 1817 1208 1911; x_wconf 36' lang='grc' dir='ltr'>καλλιᾛχειρ</span> 
     </span>
     <span class='ocr_line' id='line_1_16' title="bbox 106 1910 1209 2048; baseline 0.008 -67"><span class='ocrx_word' id='word_1_135' title='bbox 106 1915 323 2010; x_wconf 84' lang='grc' dir='ltr'>καρτερόχειρ,</span> <span class='ocrx_word' id='word_1_136' title='bbox 344 1915 521 2008; x_wconf 82' lang='grc' dir='ltr'>μοκόχειρ,</span> <span class='ocrx_word' id='word_1_137' title='bbox 543 1911 689 2009; x_wconf 78' lang='grc' dir='ltr'>όξόχειρ,</span> <span class='ocrx_word' id='word_1_138' title='bbox 711 1910 884 2036; x_wconf 85' lang='grc' dir='ltr'>καχόχειρ,</span> <span class='ocrx_word' id='word_1_139' title='bbox 907 1912 1089 2048; x_wconf 70' lang='lat' dir='ltr'><strong>epcpu&#39;pstp.</strong></span> <span class='ocrx_word' id='word_1_140' title='bbox 1133 1923 1209 1990; x_wconf 88' lang='lat' dir='ltr'><strong>Cum</strong></span> 
     </span>
     <span class='ocr_line' id='line_1_17' title="bbox 108 2013 1209 2114; baseline 0.008 -31"><span class='ocrx_word' id='word_1_141' title='bbox 108 2020 198 2085; x_wconf 84' lang='lat' dir='ltr'><strong>forma</strong></span> <span class='ocrx_word' id='word_1_142' title='bbox 218 2023 470 2108; x_wconf 83' lang='lat' dir='ltr'><strong>significationem</strong></span> <span class='ocrx_word' id='word_1_143' title='bbox 493 2033 646 2088; x_wconf 78' lang='lat' dir='ltr'><strong>mutarunt</strong></span> <span class='ocrx_word' id='word_1_144' title='bbox 666 2013 822 2111; x_wconf 81' lang='grc' dir='ltr'>δκςχερής</span> <span class='ocrx_word' id='word_1_145' title='bbox 847 2033 878 2086; x_wconf 90' lang='lat' dir='ltr'><strong>et</strong></span> <span class='ocrx_word' id='word_1_146' title='bbox 900 2017 1051 2114; x_wconf 78' lang='grc' dir='ltr'>εόχερης,</span> <span class='ocrx_word' id='word_1_147' title='bbox 1082 2025 1134 2092; x_wconf 87' lang='lat' dir='ltr'><strong>sed</strong></span> <span class='ocrx_word' id='word_1_148' title='bbox 1159 2049 1209 2092; x_wconf 90' lang='lat' dir='ltr'><strong>re·</strong></span> 
     </span>
     <span class='ocr_line' id='line_1_18' title="bbox 110 2119 1209 2216; baseline 0.007 -30"><span class='ocrx_word' id='word_1_149' title='bbox 110 2124 217 2205; x_wconf 87' lang='lat' dir='ltr'><strong>peritur</strong></span> <span class='ocrx_word' id='word_1_150' title='bbox 238 2125 333 2190; x_wconf 88' lang='lat' dir='ltr'><strong>etiam</strong></span> <span class='ocrx_word' id='word_1_151' title='bbox 356 2121 500 2215; x_wconf 82' lang='grc' dir='ltr'>α’χειρέες</span> <span class='ocrx_word' id='word_1_152' title='bbox 522 2125 710 2190; x_wconf 84' lang='lat' dir='ltr'><strong>Batrachom.</strong></span> <span class='ocrx_word' id='word_1_153' title='bbox 725 2122 800 2190; x_wconf 85' lang='grc'><strong>300.</strong></span> <span class='ocrx_word' id='word_1_154' title='bbox 823 2147 877 2209; x_wconf 92' lang='lat' dir='ltr'><strong>pro</strong></span> <span class='ocrx_word' id='word_1_155' title='bbox 898 2119 1038 2216; x_wconf 77' lang='grc' dir='ltr'>ἄχειρες,</span> <span class='ocrx_word' id='word_1_156' title='bbox 1056 2149 1113 2191; x_wconf 90' lang='lat' dir='ltr'><strong>uec</strong></span> <span class='ocrx_word' id='word_1_157' title='bbox 1127 2140 1209 2194; x_wconf 89' lang='lat' dir='ltr'><strong>mota</strong></span> 
     </span>
     <span class='ocr_line' id='line_1_19' title="bbox 109 2222 1208 2316; baseline 0.01 -29"><span class='ocrx_word' id='word_1_158' title='bbox 109 2235 151 2288; x_wconf 90' lang='lat' dir='ltr'><strong>est</strong></span> <span class='ocrx_word' id='word_1_159' title='bbox 177 2227 405 2303; x_wconf 87' lang='lat' dir='ltr'><strong>controversia;</strong></span> <span class='ocrx_word' id='word_1_160' title='bbox 437 2229 489 2292; x_wconf 90' lang='lat' dir='ltr'><strong>sed</strong></span> <span class='ocrx_word' id='word_1_161' title='bbox 517 2222 637 2316; x_wconf 76' lang='grc' dir='ltr'>α’χέρης</span> <span class='ocrx_word' id='word_1_162' title='bbox 665 2226 848 2311; x_wconf 82' lang='lat' dir='ltr'><strong>Theognost.</strong></span> <span class='ocrx_word' id='word_1_163' title='bbox 881 2226 981 2292; x_wconf 85' lang='lat' dir='ltr'><strong>Gram.</strong></span> <span class='ocrx_word' id='word_1_164' title='bbox 1006 2227 1044 2292; x_wconf 92' lang='lat'><strong>11.</strong></span> <span class='ocrx_word' id='word_1_165' title='bbox 1068 2229 1129 2307; x_wconf 85' lang='grc'><strong>43,</strong></span> <span class='ocrx_word' id='word_1_166' title='bbox 1151 2229 1208 2299; x_wconf 87' lang='grc'><strong>34.</strong></span> 
     </span>
     <span class='ocr_line' id='line_1_20' title="bbox 24 2324 1209 2418; baseline 0.008 -30"><span class='ocrx_word' id='word_1_167' title='bbox 24 2331 28 2338; x_wconf 91' lang='grc'><strong>“</strong></span> <span class='ocrx_word' id='word_1_168' title='bbox 109 2348 165 2394; x_wconf 91' lang='lat' dir='ltr'><strong>non</strong></span> <span class='ocrx_word' id='word_1_169' title='bbox 187 2332 290 2394; x_wconf 87' lang='lat' dir='ltr'><strong>minus</strong></span> <span class='ocrx_word' id='word_1_170' title='bbox 313 2341 481 2414; x_wconf 87' lang='lat' dir='ltr'><strong>suspectum</strong></span> <span class='ocrx_word' id='word_1_171' title='bbox 505 2351 591 2414; x_wconf 87' lang='lat' dir='ltr'><strong>quam</strong></span> <span class='ocrx_word' id='word_1_172' title='bbox 613 2329 761 2413; x_wconf 81' lang='lat' dir='ltr'><strong>proxima,</strong></span> <span class='ocrx_word' id='word_1_173' title='bbox 784 2324 902 2417; x_wconf 80' lang='grc' dir='ltr'>α’χέλης</span> <span class='ocrx_word' id='word_1_174' title='bbox 924 2340 955 2394; x_wconf 89' lang='lat' dir='ltr'><strong>et</strong></span> <span class='ocrx_word' id='word_1_175' title='bbox 974 2327 1113 2418; x_wconf 80' lang='grc' dir='ltr'>όκιὲρης,</span> <span class='ocrx_word' id='word_1_176' title='bbox 1136 2355 1209 2417; x_wconf 90' lang='lat' dir='ltr'><strong>quo·</strong></span> 
     </span>
     <span class='ocr_line' id='line_1_21' title="bbox 109 2430 1206 2520; baseline 0.006 -28"><span class='ocrx_word' id='word_1_177' title='bbox 109 2450 168 2494; x_wconf 91' lang='lat' dir='ltr'><strong>rum</strong></span> <span class='ocrx_word' id='word_1_178' title='bbox 187 2433 323 2496; x_wconf 89' lang='lat' dir='ltr'><strong>omnium</strong></span> <span class='ocrx_word' id='word_1_179' title='bbox 345 2433 520 2496; x_wconf 81' lang='lat' dir='ltr'><strong>medicinam</strong></span> <span class='ocrx_word' id='word_1_180' title='bbox 534 2432 691 2516; x_wconf 89' lang='lat' dir='ltr'><strong>ancipitem</strong></span> <span class='ocrx_word' id='word_1_181' title='bbox 704 2431 802 2496; x_wconf 81' lang='lat' dir='ltr'><strong>reddit</strong></span> <span class='ocrx_word' id='word_1_182' title='bbox 821 2430 977 2496; x_wconf 88' lang='lat' dir='ltr'><strong>multitudo</strong></span> <span class='ocrx_word' id='word_1_183' title='bbox 993 2434 1206 2520; x_wconf 84' lang='lat' dir='ltr'><strong>remediorum,</strong></span> 
     </span>
     <span class='ocr_line' id='line_1_22' title="bbox 110 2527 1208 2620; baseline 0.009 -26"><span class='ocrx_word' id='word_1_184' title='bbox 110 2535 157 2598; x_wconf 87' lang='lat' dir='ltr'><strong>sed</strong></span> <span class='ocrx_word' id='word_1_185' title='bbox 178 2546 323 2600; x_wconf 88' lang='lat' dir='ltr'><strong>accentus</strong></span> <span class='ocrx_word' id='word_1_186' title='bbox 345 2535 466 2599; x_wconf 89' lang='lat' dir='ltr'><strong>nomina</strong></span> <span class='ocrx_word' id='word_1_187' title='bbox 486 2535 605 2619; x_wconf 88' lang='lat' dir='ltr'><strong>propria</strong></span> <span class='ocrx_word' id='word_1_188' title='bbox 630 2533 761 2600; x_wconf 90' lang='lat' dir='ltr'><strong>indicare</strong></span> <span class='ocrx_word' id='word_1_189' title='bbox 789 2533 909 2599; x_wconf 90' lang='lat' dir='ltr'><strong>videtur</strong></span> <span class='ocrx_word' id='word_1_190' title='bbox 928 2527 1208 2620; x_wconf 75' lang='grc' dir='ltr'>Ἀχιόλης,,Ἀκό-</span> 
     </span>
     <span class='ocr_line' id='line_1_23' title="bbox 109 2633 1204 2724; baseline 0.005 -25"><span class='ocrx_word' id='word_1_191' title='bbox 109 2633 172 2721; x_wconf 77' lang='grc' dir='ltr'>λης,</span> <span class='ocrx_word' id='word_1_192' title='bbox 190 2635 347 2724; x_wconf 77' lang='grc' dir='ltr'>Ὑπέρης,</span> <span class='ocrx_word' id='word_1_193' title='bbox 370 2657 444 2721; x_wconf 87' lang='lat' dir='ltr'><strong>quae</strong></span> <span class='ocrx_word' id='word_1_194' title='bbox 466 2637 499 2700; x_wconf 91' lang='lat' dir='ltr'><strong>in</strong></span> <span class='ocrx_word' id='word_1_195' title='bbox 520 2637 622 2723; x_wconf 82' lang='lat' dir='ltr'><strong>Etym.</strong></span> <span class='ocrx_word' id='word_1_196' title='bbox 645 2637 688 2700; x_wconf 89' lang='lat' dir='ltr'><strong>M.</strong></span> <span class='ocrx_word' id='word_1_197' title='bbox 719 2659 748 2720; x_wconf 91' lang='lat' dir='ltr'><strong>p.</strong></span> <span class='ocrx_word' id='word_1_198' title='bbox 772 2633 826 2702; x_wconf 89' lang='grc'><strong>81.</strong></span> <span class='ocrx_word' id='word_1_199' title='bbox 859 2637 1024 2702; x_wconf 75' lang='lat' dir='ltr'><strong>et&#39;Aneod.</strong></span> <span class='ocrx_word' id='word_1_200' title='bbox 1055 2660 1084 2723; x_wconf 90' lang='lat' dir='ltr'><strong>p.</strong></span> <span class='ocrx_word' id='word_1_201' title='bbox 1110 2637 1204 2705; x_wconf 88' lang='grc'><strong>1180.</strong></span> 
     </span>
     <span class='ocr_line' id='line_1_24' title="bbox 110 2736 1206 2830; baseline 0.011 -32"><span class='ocrx_word' id='word_1_202' title='bbox 110 2740 340 2825; x_wconf 86' lang='lat' dir='ltr'><strong>conjunguntur,</strong></span> <span class='ocrx_word' id='word_1_203' title='bbox 370 2739 600 2825; x_wconf 81' lang='lat' dir='ltr'><strong>aTheognosto</strong></span> <span class='ocrx_word' id='word_1_204' title='bbox 623 2740 747 2804; x_wconf 86' lang='lat' dir='ltr'><strong>confusa</strong></span> <span class='ocrx_word' id='word_1_205' title='bbox 776 2761 843 2804; x_wconf 90' lang='lat' dir='ltr'><strong>cum</strong></span> <span class='ocrx_word' id='word_1_206' title='bbox 864 2739 1020 2824; x_wconf 83' lang='lat' dir='ltr'><strong>adjectivis</strong></span> <span class='ocrx_word' id='word_1_207' title='bbox 1047 2736 1206 2830; x_wconf 76' lang='grc' dir='ltr'>εὐμενής,</span> 
     </span>
     <span class='ocr_line' id='line_1_25' title="bbox 108 2835 1208 2930; baseline 0.007 -27"><span class='ocrx_word' id='word_1_208' title='bbox 108 2835 277 2929; x_wconf 82' lang='grc' dir='ltr'>όψικὲρης,</span> <span class='ocrx_word' id='word_1_209' title='bbox 306 2835 444 2928; x_wconf 81' lang='grc' dir='ltr'><strong>α’φελής.</strong></span> <span class='ocrx_word' id='word_1_210' title='bbox 490 2842 572 2922; x_wconf 80' lang='lat' dir='ltr'><strong>Quae</strong></span> <span class='ocrx_word' id='word_1_211' title='bbox 599 2863 673 2908; x_wconf 87' lang='lat' dir='ltr'><strong>vero</strong></span> <span class='ocrx_word' id='word_1_212' title='bbox 703 2843 740 2906; x_wconf 90' lang='lat' dir='ltr'><strong>ad</strong></span> <span class='ocrx_word' id='word_1_213' title='bbox 767 2843 926 2906; x_wconf 88' lang='lat' dir='ltr'><strong>secundam</strong></span> <span class='ocrx_word' id='word_1_214' title='bbox 955 2844 1208 2930; x_wconf 77' lang='lat' dir='ltr'><strong>transmigrarunt</strong></span> 
     </span>
     <span class='ocr_line' id='line_1_26' title="bbox 109 2941 1203 3031; baseline 0.009 -27"><span class='ocrx_word' id='word_1_215' title='bbox 109 2942 344 3022; x_wconf 87' lang='lat' dir='ltr'><strong>declinationem,</strong></span> <span class='ocrx_word' id='word_1_216' title='bbox 362 2943 551 3008; x_wconf 88' lang='lat' dir='ltr'><strong>Grammatici</strong></span> <span class='ocrx_word' id='word_1_217' title='bbox 567 2944 599 3008; x_wconf 92' lang='lat' dir='ltr'><strong>in</strong></span> <span class='ocrx_word' id='word_1_218' title='bbox 612 2944 753 3028; x_wconf 86' lang='lat' dir='ltr'><strong>exiguum</strong></span> <span class='ocrx_word' id='word_1_219' title='bbox 768 2941 949 3028; x_wconf 88' lang='lat' dir='ltr'><strong>compellunt</strong></span> <span class='ocrx_word' id='word_1_220' title='bbox 959 2967 1078 3031; x_wconf 84' lang='lat' dir='ltr'><strong>gyrum.</strong></span> <span class='ocrx_word' id='word_1_221' title='bbox 1103 2947 1203 3014; x_wconf 89' lang='lat' dir='ltr'><strong>Schol.</strong></span> 
     </span>
     <span class='ocr_line' id='line_1_27' title="bbox 109 3037 1207 3138; baseline 0.01 -31"><span class='ocrx_word' id='word_1_222' title='bbox 109 3041 182 3129; x_wconf 87' lang='lat' dir='ltr'><strong>lips.</strong></span> <span class='ocrx_word' id='word_1_223' title='bbox 205 3049 247 3112; x_wconf 91' lang='lat' dir='ltr'><strong>ad</strong></span> <span class='ocrx_word' id='word_1_224' title='bbox 269 3046 305 3110; x_wconf 90' lang='grc'><strong>11.</strong></span> <span class='ocrx_word' id='word_1_225' title='bbox 330 3045 354 3108; x_wconf 94' lang='grc'><strong>1.</strong></span> <span class='ocrx_word' id='word_1_226' title='bbox 369 3044 443 3112; x_wconf 89' lang='grc'><strong>402.</strong></span> <span class='ocrx_word' id='word_1_227' title='bbox 465 3037 695 3136; x_wconf 77' lang='grc' dir='ltr'>ἑκατόγχειρον</span> <span class='ocrx_word' id='word_1_228' title='bbox 712 3042 893 3129; x_wconf 74' lang='lat' dir='ltr'><strong>(nicodemi)</strong></span> <span class='ocrx_word' id='word_1_229' title='bbox 907 3040 1118 3138; x_wconf 77' lang='grc' dir='ltr'>ἑκατόγχειρα</span> <span class='ocrx_word' id='word_1_230' title='bbox 1130 3055 1207 3118; x_wconf 85' lang='grc' dir='ltr'>αἰο-</span> 
     </span>
     <span class='ocr_line' id='line_1_28' title="bbox 30 3141 1205 3237; baseline 0.004 -25"><span class='ocrx_word' id='word_1_231' title='bbox 30 3229 33 3233; x_wconf 21' lang='lat'>,</span> <span class='ocrx_word' id='word_1_232' title='bbox 110 3145 209 3224; x_wconf 81' lang='grc' dir='ltr'>λικός.</span> <span class='ocrx_word' id='word_1_233' title='bbox 232 3148 339 3212; x_wconf 90' lang='lat' dir='ltr'><strong>Suidas</strong></span> <span class='ocrx_word' id='word_1_234' title='bbox 355 3141 510 3237; x_wconf 66' lang='grc' dir='ltr'>’Ἄχαρος</span> <span class='ocrx_word' id='word_1_235' title='bbox 523 3146 608 3216; x_wconf 83' lang='grc' dir='ltr'>κακοὶ</span> <span class='ocrx_word' id='word_1_236' title='bbox 627 3143 888 3235; x_wconf 80' lang='grc' dir='ltr'>μεταπλασμόκ,</span> <span class='ocrx_word' id='word_1_237' title='bbox 909 3151 974 3214; x_wconf 85' lang='lat' dir='ltr'><strong>sive</strong></span> <span class='ocrx_word' id='word_1_238' title='bbox 995 3151 1063 3215; x_wconf 91' lang='lat' dir='ltr'><strong>illos</strong></span> <span class='ocrx_word' id='word_1_239' title='bbox 1085 3153 1205 3218; x_wconf 86' lang='lat' dir='ltr'><strong>scholae</strong></span> 
     </span>
     <span class='ocr_line' id='line_1_29' title="bbox 111 3249 1205 3338; baseline 0.009 -28"><span class='ocrx_word' id='word_1_240' title='bbox 111 3249 188 3316; x_wconf 79' lang='lat' dir='ltr'><strong>duxit</strong></span> <span class='ocrx_word' id='word_1_241' title='bbox 214 3254 402 3318; x_wconf 86' lang='lat' dir='ltr'><strong>consuetudo</strong></span> <span class='ocrx_word' id='word_1_242' title='bbox 434 3254 499 3316; x_wconf 90' lang='lat' dir='ltr'><strong>sive</strong></span> <span class='ocrx_word' id='word_1_243' title='bbox 529 3251 707 3318; x_wconf 89' lang='lat' dir='ltr'><strong>insolentiae</strong></span> <span class='ocrx_word' id='word_1_244' title='bbox 737 3254 888 3338; x_wconf 89' lang='lat' dir='ltr'><strong>cujusdam</strong></span> <span class='ocrx_word' id='word_1_245' title='bbox 917 3253 1002 3318; x_wconf 88' lang='lat' dir='ltr'><strong>odor.</strong></span> <span class='ocrx_word' id='word_1_246' title='bbox 1056 3252 1100 3317; x_wconf 87' lang='lat' dir='ltr'><strong>Ac</strong></span> <span class='ocrx_word' id='word_1_247' title='bbox 1122 3266 1205 3320; x_wconf 88' lang='lat' dir='ltr'><strong>certe</strong></span> 
     </span>
     <span class='ocr_line' id='line_1_30' title="bbox 110 3353 1207 3442; baseline 0.005 -28"><span class='ocrx_word' id='word_1_248' title='bbox 110 3358 249 3421; x_wconf 84' lang='lat' dir='ltr'><strong>vocabula</strong></span> <span class='ocrx_word' id='word_1_249' title='bbox 269 3357 357 3442; x_wconf 87' lang='lat' dir='ltr'><strong>hujus</strong></span> <span class='ocrx_word' id='word_1_250' title='bbox 381 3366 470 3420; x_wconf 89' lang='lat' dir='ltr'><strong>notae</strong></span> <span class='ocrx_word' id='word_1_251' title='bbox 493 3375 554 3418; x_wconf 91' lang='lat' dir='ltr'><strong>non</strong></span> <span class='ocrx_word' id='word_1_252' title='bbox 582 3355 735 3418; x_wconf 89' lang='lat' dir='ltr'><strong>admodum</strong></span> <span class='ocrx_word' id='word_1_253' title='bbox 757 3354 933 3439; x_wconf 84' lang='lat' dir='ltr'><strong>pervulgata</strong></span> <span class='ocrx_word' id='word_1_254' title='bbox 960 3353 1053 3424; x_wconf 88' lang='lat' dir='ltr'><strong>fuisse</strong></span> <span class='ocrx_word' id='word_1_255' title='bbox 1074 3355 1207 3420; x_wconf 83' lang='lat' dir='ltr'><strong>declarat</strong></span> 
     </span>
     <span class='ocr_line' id='line_1_31' title="bbox 112 3448 1203 3545; baseline 0.004 -30"><span class='ocrx_word' id='word_1_256' title='bbox 112 3460 323 3544; x_wconf 85' lang='lat' dir='ltr'><strong>exemplorum,</strong></span> <span class='ocrx_word' id='word_1_257' title='bbox 336 3479 423 3544; x_wconf 79' lang='lat' dir='ltr'><strong>=quae</strong></span> <span class='ocrx_word' id='word_1_258' title='bbox 445 3456 532 3520; x_wconf 90' lang='lat' dir='ltr'><strong>hodie</strong></span> <span class='ocrx_word' id='word_1_259' title='bbox 553 3465 681 3530; x_wconf 87' lang='lat' dir='ltr'><strong>restant,</strong></span> <span class='ocrx_word' id='word_1_260' title='bbox 699 3457 852 3541; x_wconf 66' lang='lat' dir='ltr'><strong>,paucitasr</strong></span> <span class='ocrx_word' id='word_1_261' title='bbox 869 3448 1090 3545; x_wconf 73' lang='grc' dir='ltr'>,κεκρόχειρος</span> <span class='ocrx_word' id='word_1_262' title='bbox 1113 3457 1203 3540; x_wconf 82' lang='lat' dir='ltr'><strong>Apol-</strong></span> 
     </span>
     <span class='ocr_line' id='line_1_32' title="bbox 111 3535 1201 3683; baseline 0.004 -67"><span class='ocrx_word' id='word_1_263' title='bbox 111 3552 175 3623; x_wconf 91' lang='lat' dir='ltr'><strong>linis</strong></span> <span class='ocrx_word' id='word_1_264' title='bbox 194 3561 350 3647; x_wconf 86' lang='lat' dir='ltr'><strong>epitheton</strong></span> <span class='ocrx_word' id='word_1_265' title='bbox 371 3579 419 3643; x_wconf 85' lang='lat' dir='ltr'><strong>ap.</strong></span> <span class='ocrx_word' id='word_1_266' title='bbox 436 3535 573 3683; x_wconf 24' lang='lat' dir='ltr'><strong>*Hespclp</strong></span> <span class='ocrx_word' id='word_1_267' title='bbox 597 3579 624 3622; x_wconf 87' lang='lat' dir='ltr'><strong>s.</strong></span> <span class='ocrx_word' id='word_1_268' title='bbox 639 3557 838 3643; x_wconf 83' lang='grc' dir='ltr'>Κοκρίόιοκ,</span> <span class='ocrx_word' id='word_1_269' title='bbox 860 3579 946 3643; x_wconf 91' lang='lat' dir='ltr'><strong>quem</strong></span> <span class='ocrx_word' id='word_1_270' title='bbox 961 3557 1101 3622; x_wconf 75' lang='lat' dir='ltr'><strong>libanius</strong></span> <span class='ocrx_word' id='word_1_271' title='bbox 1117 3557 1201 3621; x_wconf 90' lang='lat' dir='ltr'><strong>Decl.</strong></span> 
     </span>
     <span class='ocr_line' id='line_1_33' title="bbox 111 3653 1204 3750; baseline 0 -26"><span class='ocrx_word' id='word_1_272' title='bbox 111 3655 143 3722; x_wconf 89' lang='grc' dir='ltr'><strong>Τ.</strong></span> <span class='ocrx_word' id='word_1_273' title='bbox 161 3661 184 3726; x_wconf 93' lang='lat' dir='ltr'><strong>l.</strong></span> <span class='ocrx_word' id='word_1_274' title='bbox 210 3661 286 3729; x_wconf 87' lang='grc'><strong>340.</strong></span> <span class='ocrx_word' id='word_1_275' title='bbox 311 3658 504 3750; x_wconf 82' lang='grc' dir='ltr'>κεκρόχειρα</span> <span class='ocrx_word' id='word_1_276' title='bbox 521 3670 626 3738; x_wconf 83' lang='lat' dir='ltr'><strong>vocat;</strong></span> <span class='ocrx_word' id='word_1_277' title='bbox 650 3653 840 3750; x_wconf 71' lang='grc' dir='ltr'>δεξιόχειρος</span> <span class='ocrx_word' id='word_1_278' title='bbox 859 3683 877 3725; x_wconf 92' lang='lat' dir='ltr'><strong>a</strong></span> <span class='ocrx_word' id='word_1_279' title='bbox 898 3659 1071 3724; x_wconf 87' lang='lat' dir='ltr'><strong>Scholiastis</strong></span> <span class='ocrx_word' id='word_1_280' title='bbox 1094 3659 1204 3724; x_wconf 87' lang='lat' dir='ltr'><strong>lectum</strong></span> 
     </span>
     <span class='ocr_line' id='line_1_34' title="bbox 112 3758 1269 3852; baseline -0.001 -25"><span class='ocrx_word' id='word_1_281' title='bbox 112 3758 141 3822; x_wconf 85' lang='lat' dir='ltr'><strong>in</strong></span> <span class='ocrx_word' id='word_1_282' title='bbox 163 3765 249 3851; x_wconf 91' lang='lat' dir='ltr'>Soph.</span> <span class='ocrx_word' id='word_1_283' title='bbox 273 3766 346 3828; x_wconf 85' lang='lat' dir='ltr'><strong>Ant.</strong></span> <span class='ocrx_word' id='word_1_284' title='bbox 357 3763 434 3827; x_wconf 89' lang='grc'><strong>140.</strong></span> <span class='ocrx_word' id='word_1_285' title='bbox 460 3758 624 3852; x_wconf 82' lang='grc' dir='ltr'>όξόχειρος</span> <span class='ocrx_word' id='word_1_286' title='bbox 646 3763 722 3848; x_wconf 92' lang='lat' dir='ltr'><strong>quod</strong></span> <span class='ocrx_word' id='word_1_287' title='bbox 736 3783 815 3826; x_wconf 91' lang='lat' dir='ltr'><strong>nnus</strong></span> <span class='ocrx_word' id='word_1_288' title='bbox 837 3763 901 3826; x_wconf 89' lang='lat' dir='ltr'><strong>cod.</strong></span> <span class='ocrx_word' id='word_1_289' title='bbox 925 3762 1047 3846; x_wconf 82' lang='lat' dir='ltr'><strong>praebat</strong></span> <span class='ocrx_word' id='word_1_290' title='bbox 1064 3761 1203 3848; x_wconf 76' lang='lat' dir='ltr'><strong>Lysllr.</strong></span> <span class='ocrx_word' id='word_1_291' title='bbox 1268 3793 1269 3800; x_wconf 34' lang='grc' dir='ltr'>ι</span> 
     </span>
     <span class='ocr_line' id='line_1_35' title="bbox 113 3857 1203 3955; baseline -0.002 -23"><span class='ocrx_word' id='word_1_292' title='bbox 113 3857 160 3927; x_wconf 88' lang='lat' dir='ltr'><strong>lV.</strong></span> <span class='ocrx_word' id='word_1_293' title='bbox 184 3867 265 3946; x_wconf 92' lang='grc'><strong>101,</strong></span> <span class='ocrx_word' id='word_1_294' title='bbox 287 3865 319 3930; x_wconf 93' lang='grc'><strong>8.</strong></span> <span class='ocrx_word' id='word_1_295' title='bbox 343 3857 533 3955; x_wconf 75' lang='grc' dir='ltr'>ἦπιόχειρος</span> <span class='ocrx_word' id='word_1_296' title='bbox 555 3860 670 3951; x_wconf 77' lang='lat' dir='ltr'><strong>dyeia,</strong></span> <span class='ocrx_word' id='word_1_297' title='bbox 700 3865 777 3948; x_wconf 90' lang='lat' dir='ltr'><strong>quod</strong></span> <span class='ocrx_word' id='word_1_298' title='bbox 806 3863 982 3949; x_wconf 82' lang='lat' dir='ltr'><strong>hymnorum</strong></span> <span class='ocrx_word' id='word_1_299' title='bbox 1010 3863 1203 3950; x_wconf 83' lang='lat' dir='ltr'><strong>Orphieorom</strong></span> 
     </span>
     <span class='ocr_line' id='line_1_36' title="bbox 52 3957 1203 4055; baseline 0.006 -27"><span class='ocrx_word' id='word_1_300' title='bbox 52 4021 54 4028; x_wconf 93' lang='lat'>.</span> <span class='ocrx_word' id='word_1_301' title='bbox 103 3966 245 4051; x_wconf 64' lang='lat' dir='ltr'><strong>scriptori</strong></span> <span class='ocrx_word' id='word_1_302' title='bbox 260 3969 389 4034; x_wconf 76' lang='lat' dir='ltr'><strong>,concedi</strong></span> <span class='ocrx_word' id='word_1_303' title='bbox 410 3978 529 4052; x_wconf 81' lang='lat' dir='ltr'><strong>potest3</strong></span> <span class='ocrx_word' id='word_1_304' title='bbox 552 3965 925 4032; x_wconf 76' lang='lat' dir='ltr'><strong>schthen.·Xl.l7l.D.</strong></span> <span class='ocrx_word' id='word_1_305' title='bbox 949 3957 1203 4055; x_wconf 73' lang='grc' dir='ltr'>κύλικα-ὓπερ-</span> 
     </span>
     <span class='ocr_line' id='line_1_37' title="bbox 114 4065 1205 4162; baseline 0 -26"><span class='ocrx_word' id='word_1_306' title='bbox 114 4067 315 4154; x_wconf 75' lang='grc' dir='ltr'>ᾱφρόζοκσακ</span> <span class='ocrx_word' id='word_1_307' title='bbox 332 4067 426 4156; x_wconf 75' lang='grc' dir='ltr'>καροῖ</span> <span class='ocrx_word' id='word_1_308' title='bbox 441 4065 710 4162; x_wconf 70' lang='grc' dir='ltr'>κωθωκόχειροκ,</span> <span class='ocrx_word' id='word_1_309' title='bbox 725 4069 804 4133; x_wconf 91' lang='lat' dir='ltr'><strong>haud</strong></span> <span class='ocrx_word' id='word_1_310' title='bbox 825 4068 888 4133; x_wconf 86' lang='lat' dir='ltr'><strong>scio</strong></span> <span class='ocrx_word' id='word_1_311' title='bbox 905 4088 943 4131; x_wconf 89' lang='lat' dir='ltr'><strong>an</strong></span> <span class='ocrx_word' id='word_1_312' title='bbox 958 4080 1089 4153; x_wconf 86' lang='lat' dir='ltr'><strong>praestet</strong></span> <span class='ocrx_word' id='word_1_313' title='bbox 1102 4067 1205 4155; x_wconf 81' lang='grc' dir='ltr'>όκιερ-</span> 
     </span>
    </p>
   </div>
   <div class='ocr_carea' id='block_1_3' title="bbox 114 4165 1202 4353">
    <p class='ocr_par' dir='ltr' id='par_1_3' title="bbox 114 4165 1202 4353">
     <span class='ocr_line' id='line_1_38' title="bbox 114 4165 1202 4263; baseline -0.001 -26"><span class='ocrx_word' id='word_1_314' title='bbox 114 4186 189 4255; x_wconf 79' lang='grc' dir='ltr'><strong>αφρ.</strong></span> <span class='ocrx_word' id='word_1_315' title='bbox 206 4168 305 4263; x_wconf 85' lang='grc' dir='ltr'>κόρα,</span> <span class='ocrx_word' id='word_1_316' title='bbox 323 4165 589 4263; x_wconf 76' lang='grc' dir='ltr'>καθακόχειλοκ.</span> <span class='ocrx_word' id='word_1_317' title='bbox 634 4173 795 4240; x_wconf 88' lang='lat' dir='ltr'><strong>Praeterea</strong></span> <span class='ocrx_word' id='word_1_318' title='bbox 815 4172 851 4236; x_wconf 90' lang='lat' dir='ltr'><strong>ad</strong></span> <span class='ocrx_word' id='word_1_319' title='bbox 873 4169 949 4236; x_wconf 90' lang='lat' dir='ltr'><strong>hanc</strong></span> <span class='ocrx_word' id='word_1_320' title='bbox 974 4169 1202 4240; x_wconf 88' lang='lat' dir='ltr'><strong>declinationem</strong></span> 
     </span>
     <span class='ocr_line' id='line_1_39' title="bbox 142 4270 997 4353; baseline 0.014 -31"><span class='ocrx_word' id='word_1_321' title='bbox 142 4270 244 4332; x_wconf 73' lang='lat' dir='ltr'><strong>lodoci.</strong></span> <span class='ocrx_word' id='word_1_322' title='bbox 263 4278 387 4346; x_wconf 76' lang='lat' dir='ltr'><strong>Paralip.</strong></span> <span class='ocrx_word' id='word_1_323' title='bbox 955 4285 997 4353; x_wconf 80' lang='lat'><strong>14</strong></span> 
     </span>
    </p>
   </div>
   <div class='ocr_carea' id='block_1_4' title="bbox 0 0 1468 4886">
    <p class='ocr_par' dir='ltr' id='par_1_4' title="bbox 0 0 1468 4886">
     <span class='ocr_line' id='line_1_40' title="bbox 0 0 1468 4886; baseline 0 0"><span class='ocrx_word' id='word_1_324' title='bbox 0 0 1468 4886; x_wconf 95' lang='lat' dir='ltr'><strong> </strong></span> 
     </span>
    </p>
   </div>
  </div>
 </body>
</html>
