<?xml version="1.0" encoding="UTF-8"?>
<!DOCTYPE html PUBLIC "-//W3C//DTD XHTML 1.0 Transitional//EN"
    "http://www.w3.org/TR/xhtml1/DTD/xhtml1-transitional.dtd">
<html xmlns="http://www.w3.org/1999/xhtml" xml:lang="en" lang="en">
 <head>
  <title>
</title>
<meta http-equiv="Content-Type" content="text/html;charset=utf-8" />
  <meta name='ocr-system' content='tesseract 3.04.00' />
  <meta name='ocr-capabilities' content='ocr_page ocr_carea ocr_par ocr_line ocrx_word'/>
</head>
<body>
  <div class='ocr_page' id='page_1' title='image "./paralipomenagra00dindgoog_0135.png"; bbox 0 0 2940 4894; ppageno 0'>
   <div class='ocr_carea' id='block_1_1' title="bbox 247 321 1008 470">
    <p class='ocr_par' dir='ltr' id='par_1_1' title="bbox 247 321 1008 470">
     <span class='ocr_line' id='line_1_1' title="bbox 247 321 1008 470; baseline -0.011 -22"><span class='ocrx_word' id='word_1_1' title='bbox 247 378 313 448; x_wconf 84' lang='lat' dir='ltr'><strong>ue</strong></span> <span class='ocrx_word' id='word_1_2' title='bbox 385 461 393 470; x_wconf 16' lang='grc' dir='ltr'>ἱ</span> <span class='ocrx_word' id='word_1_3' title='bbox 609 321 931 442; x_wconf 80' lang='lat' dir='ltr'><strong>utssuurario</strong></span> <span class='ocrx_word' id='word_1_4' title='bbox 961 374 1008 440; x_wconf 87' lang='grc' dir='ltr'><strong><em>ιι.</em></strong></span> 
     </span>
    </p>
   </div>
   <div class='ocr_carea' id='block_1_2' title="bbox 31 548 1465 4023">
    <p class='ocr_par' dir='ltr' id='par_1_2' title="bbox 221 548 1384 1770">
     <span class='ocr_line' id='line_1_2' title="bbox 248 548 1370 660; baseline 0.002 -37"><span class='ocrx_word' id='word_1_5' title='bbox 248 557 304 634; x_wconf 84' lang='lat' dir='ltr'><strong>do,</strong></span> <span class='ocrx_word' id='word_1_6' title='bbox 335 548 460 660; x_wconf 74' lang='grc' dir='ltr'><strong><em>χρύσεα</em></strong></span> <span class='ocrx_word' id='word_1_7' title='bbox 488 553 547 636; x_wconf 67' lang='grc' dir='ltr'><strong><em>δοῖ,</em></strong></span> <span class='ocrx_word' id='word_1_8' title='bbox 576 577 637 619; x_wconf 92' lang='lat' dir='ltr'><strong>non</strong></span> <span class='ocrx_word' id='word_1_9' title='bbox 667 555 805 620; x_wconf 89' lang='lat' dir='ltr'><strong>dubitabo</strong></span> <span class='ocrx_word' id='word_1_10' title='bbox 834 555 965 620; x_wconf 81' lang='lat' dir='ltr'><strong>licenter</strong></span> <span class='ocrx_word' id='word_1_11' title='bbox 992 564 1164 642; x_wconf 86' lang='lat' dir='ltr'><strong>corruptum</strong></span> <span class='ocrx_word' id='word_1_12' title='bbox 1193 554 1295 624; x_wconf 89' lang='lat' dir='ltr'><strong>dieere</strong></span> <span class='ocrx_word' id='word_1_13' title='bbox 1317 557 1370 626; x_wconf 83' lang='lat' dir='ltr'><strong>&#39;ex</strong></span> 
     </span>
     <span class='ocr_line' id='line_1_3' title="bbox 245 657 1370 748; baseline 0.004 -26"><span class='ocrx_word' id='word_1_14' title='bbox 245 660 361 748; x_wconf 75' lang='grc' dir='ltr'><strong><em>δῶμα,</em></strong></span> <span class='ocrx_word' id='word_1_15' title='bbox 391 659 468 744; x_wconf 93' lang='lat' dir='ltr'><strong>quod</strong></span> <span class='ocrx_word' id='word_1_16' title='bbox 500 670 622 725; x_wconf 88' lang='lat' dir='ltr'><strong>veteres</strong></span> <span class='ocrx_word' id='word_1_17' title='bbox 652 679 706 741; x_wconf 92' lang='lat' dir='ltr'><strong>per</strong></span> <span class='ocrx_word' id='word_1_18' title='bbox 735 677 890 742; x_wconf 82' lang='lat' dir='ltr'>syncopen</span> <span class='ocrx_word' id='word_1_19' title='bbox 919 657 1057 722; x_wconf 84' lang='lat' dir='ltr'><strong>effoetum</strong></span> <span class='ocrx_word' id='word_1_20' title='bbox 1088 677 1156 722; x_wconf 85' lang='lat' dir='ltr'><strong>esse</strong></span> <span class='ocrx_word' id='word_1_21' title='bbox 1179 671 1302 724; x_wconf 88' lang='lat' dir='ltr'><strong>sumunt</strong></span> <span class='ocrx_word' id='word_1_22' title='bbox 1324 683 1370 727; x_wconf 84' lang='lat' dir='ltr'><strong>ex</strong></span> 
     </span>
     <span class='ocr_line' id='line_1_4' title="bbox 246 750 1384 852; baseline -0.012 -20"><span class='ocrx_word' id='word_1_23' title='bbox 246 761 399 852; x_wconf 88' lang='grc' dir='ltr'><strong><em>δόμημα,</em></strong></span> <span class='ocrx_word' id='word_1_24' title='bbox 421 762 473 825; x_wconf 92' lang='lat' dir='ltr'><strong>sed</strong></span> <span class='ocrx_word' id='word_1_25' title='bbox 489 772 593 825; x_wconf 84' lang='lat' dir='ltr'><strong>nostre</strong></span> <span class='ocrx_word' id='word_1_26' title='bbox 609 759 760 824; x_wconf 86' lang='lat' dir='ltr'><strong>sententia</strong></span> <span class='ocrx_word' id='word_1_27' title='bbox 775 770 810 822; x_wconf 88' lang='lat' dir='ltr'><strong>ut</strong></span> <span class='ocrx_word' id='word_1_28' title='bbox 831 753 947 845; x_wconf 88' lang='grc' dir='ltr'><strong><em>δόμος,</em></strong></span> <span class='ocrx_word' id='word_1_29' title='bbox 970 750 1072 844; x_wconf 82' lang='grc' dir='ltr'><strong><em>δομή,</em></strong></span> <span class='ocrx_word' id='word_1_30' title='bbox 1095 758 1212 846; x_wconf 80' lang='grc' dir='ltr'><strong><em>δέμας,</em></strong></span> <span class='ocrx_word' id='word_1_31' title='bbox 1234 761 1384 850; x_wconf 77' lang='grc' dir='ltr'><strong><em>αδέμω.</em></strong></span> 
     </span>
     <span class='ocr_line' id='line_1_5' title="bbox 243 857 1367 953; baseline 0 -22"><span class='ocrx_word' id='word_1_32' title='bbox 243 865 447 953; x_wconf 76' lang='lat' dir='ltr'><strong>proficiscitur</strong></span> <span class='ocrx_word' id='word_1_33' title='bbox 469 864 535 928; x_wconf 91' lang='lat' dir='ltr'><strong>sive</strong></span> <span class='ocrx_word' id='word_1_34' title='bbox 557 863 655 947; x_wconf 92' lang='lat' dir='ltr'><strong>potius</strong></span> <span class='ocrx_word' id='word_1_35' title='bbox 677 883 696 924; x_wconf 89' lang='lat' dir='ltr'><strong>a</strong></span> <span class='ocrx_word' id='word_1_36' title='bbox 718 857 822 946; x_wconf 78' lang='grc' dir='ltr'><strong><em>δεῖμα</em></strong></span> <span class='ocrx_word' id='word_1_37' title='bbox 852 861 942 926; x_wconf 86' lang='lat' dir='ltr'><strong>sicuti</strong></span> <span class='ocrx_word' id='word_1_38' title='bbox 965 861 1063 947; x_wconf 78' lang='grc' dir='ltr'><strong><em>νώμα</em></strong></span> <span class='ocrx_word' id='word_1_39' title='bbox 1085 884 1104 925; x_wconf 87' lang='lat' dir='ltr'><strong>a</strong></span> <span class='ocrx_word' id='word_1_40' title='bbox 1125 876 1252 948; x_wconf 81' lang='grc' dir='ltr'><strong><em>κεῖμαι.</em></strong></span> <span class='ocrx_word' id='word_1_41' title='bbox 1298 866 1367 946; x_wconf 83' lang='lat' dir='ltr'><strong>Quo</strong></span> 
     </span>
     <span class='ocr_line' id='line_1_6' title="bbox 246 961 1368 1050; baseline -0.003 -16"><span class='ocrx_word' id='word_1_42' title='bbox 246 969 273 1034; x_wconf 86' lang='lat' dir='ltr'><strong>si</strong></span> <span class='ocrx_word' id='word_1_43' title='bbox 295 968 424 1034; x_wconf 89' lang='lat' dir='ltr'><strong>ulterius</strong></span> <span class='ocrx_word' id='word_1_44' title='bbox 446 965 587 1050; x_wconf 79' lang='lat' dir='ltr'>progredi</span> <span class='ocrx_word' id='word_1_45' title='bbox 608 963 793 1045; x_wconf 84' lang='lat' dir='ltr'>verbumque</span> <span class='ocrx_word' id='word_1_46' title='bbox 817 961 878 1028; x_wconf 81' lang='grc' dir='ltr'><strong>δέω</strong></span> <span class='ocrx_word' id='word_1_47' title='bbox 902 964 1090 1028; x_wconf 77' lang='lat' dir='ltr'><strong>fundamenti</strong></span> <span class='ocrx_word' id='word_1_48' title='bbox 1104 963 1170 1030; x_wconf 87' lang='lat' dir='ltr'><strong>loeo</strong></span> <span class='ocrx_word' id='word_1_49' title='bbox 1186 967 1368 1032; x_wconf 76' lang='lat' dir='ltr'><strong>substruere</strong></span> 
     </span>
     <span class='ocr_line' id='line_1_7' title="bbox 243 1061 1366 1155; baseline -0.002 -19"><span class='ocrx_word' id='word_1_50' title='bbox 243 1071 381 1138; x_wconf 87' lang='lat' dir='ltr'><strong>volemus</strong></span> <span class='ocrx_word' id='word_1_51' title='bbox 410 1076 574 1152; x_wconf 90' lang='lat' dir='ltr'><strong>praeeunte</strong></span> <span class='ocrx_word' id='word_1_52' title='bbox 603 1064 754 1150; x_wconf 83' lang='lat' dir='ltr'><strong>Hesychio</strong></span> <span class='ocrx_word' id='word_1_53' title='bbox 782 1061 916 1152; x_wconf 79' lang='grc' dir='ltr'><strong><em>Διομός</em></strong></span> <span class='ocrx_word' id='word_1_54' title='bbox 944 1065 1062 1152; x_wconf 74' lang='grc' dir='ltr'><strong><em>σῶμα,</em></strong></span> <span class='ocrx_word' id='word_1_55' title='bbox 1092 1064 1229 1155; x_wconf 79' lang='grc' dir='ltr'><strong><em>μορφή,</em></strong></span> <span class='ocrx_word' id='word_1_56' title='bbox 1260 1081 1366 1134; x_wconf 75' lang='lat' dir='ltr'><strong>umen</strong></span> 
     </span>
     <span class='ocr_line' id='line_1_8' title="bbox 243 1165 1365 1254; baseline -0.001 -17"><span class='ocrx_word' id='word_1_57' title='bbox 243 1172 327 1237; x_wconf 92' lang='lat' dir='ltr'><strong>nulla</strong></span> <span class='ocrx_word' id='word_1_58' title='bbox 348 1181 395 1235; x_wconf 87' lang='lat' dir='ltr'><strong>est</strong></span> <span class='ocrx_word' id='word_1_59' title='bbox 415 1169 478 1245; x_wconf 85' lang='lat' dir='ltr'><strong>via,</strong></span> <span class='ocrx_word' id='word_1_60' title='bbox 513 1165 638 1252; x_wconf 79' lang='lat' dir='ltr'><strong>quadri</strong></span> <span class='ocrx_word' id='word_1_61' title='bbox 662 1167 732 1230; x_wconf 90' lang='lat' dir='ltr'><strong>bine</strong></span> <span class='ocrx_word' id='word_1_62' title='bbox 755 1167 886 1232; x_wconf 89' lang='lat' dir='ltr'><strong>derivari</strong></span> <span class='ocrx_word' id='word_1_63' title='bbox 909 1169 1014 1252; x_wconf 92' lang='lat' dir='ltr'><strong>possit.</strong></span> <span class='ocrx_word' id='word_1_64' title='bbox 1068 1167 1099 1232; x_wconf 96' lang='lat' dir='ltr'><strong>ld</strong></span> <span class='ocrx_word' id='word_1_65' title='bbox 1128 1170 1222 1254; x_wconf 84' lang='lat' dir='ltr'><strong>igitur</strong></span> <span class='ocrx_word' id='word_1_66' title='bbox 1244 1183 1365 1236; x_wconf 88' lang='lat' dir='ltr'><strong>eertum</strong></span> 
     </span>
     <span class='ocr_line' id='line_1_9' title="bbox 221 1267 1364 1361; baseline -0.002 -21"><span class='ocrx_word' id='word_1_67' title='bbox 221 1273 390 1361; x_wconf 80' lang='lat' dir='ltr'><strong>&#39;apocopae</strong></span> <span class='ocrx_word' id='word_1_68' title='bbox 419 1271 591 1354; x_wconf 85' lang='lat' dir='ltr'><strong>exemplum</strong></span> <span class='ocrx_word' id='word_1_69' title='bbox 618 1291 765 1346; x_wconf 89' lang='lat' dir='ltr'><strong>numero,</strong></span> <span class='ocrx_word' id='word_1_70' title='bbox 799 1270 970 1354; x_wconf 76' lang='lat' dir='ltr'><strong>pariterque</strong></span> <span class='ocrx_word' id='word_1_71' title='bbox 1000 1267 1177 1357; x_wconf 76' lang='grc' dir='ltr'><strong><em>δαιμόνιος</em></strong></span> <span class='ocrx_word' id='word_1_72' title='bbox 1205 1271 1266 1358; x_wconf 82' lang='grc' dir='ltr'><strong><em>ἧλ,</em></strong></span> <span class='ocrx_word' id='word_1_73' title='bbox 1301 1296 1364 1358; x_wconf 92' lang='lat' dir='ltr'><strong>quo</strong></span> 
     </span>
     <span class='ocr_line' id='line_1_10' title="bbox 240 1362 1364 1462; baseline -0.001 -20"><span class='ocrx_word' id='word_1_74' title='bbox 240 1374 404 1462; x_wconf 80' lang='lat' dir='ltr'><strong>significari</strong></span> <span class='ocrx_word' id='word_1_75' title='bbox 425 1374 546 1438; x_wconf 86' lang='lat' dir='ltr'><strong>videtur</strong></span> <span class='ocrx_word' id='word_1_76' title='bbox 574 1372 625 1435; x_wconf 91' lang='lat' dir='ltr'><strong>ille</strong></span> <span class='ocrx_word' id='word_1_77' title='bbox 647 1362 882 1457; x_wconf 82' lang='grc' dir='ltr'><strong><em>α’δαμοῖντινος</em></strong></span> <span class='ocrx_word' id='word_1_78' title='bbox 903 1364 1000 1456; x_wconf 78' lang='grc' dir='ltr'><strong><em>ἧλος,</em></strong></span> <span class='ocrx_word' id='word_1_79' title='bbox 1031 1393 1118 1458; x_wconf 89' lang='lat' dir='ltr'><strong>quem</strong></span> <span class='ocrx_word' id='word_1_80' title='bbox 1140 1375 1264 1440; x_wconf 89' lang='lat' dir='ltr'><strong>summis</strong></span> <span class='ocrx_word' id='word_1_81' title='bbox 1289 1397 1364 1440; x_wconf 88' lang='lat' dir='ltr'><strong>ver·</strong></span> 
     </span>
     <span class='ocr_line' id='line_1_11' title="bbox 243 1469 1364 1562; baseline -0.003 -18"><span class='ocrx_word' id='word_1_82' title='bbox 243 1481 352 1546; x_wconf 79' lang='lat' dir='ltr'><strong>tinibus</strong></span> <span class='ocrx_word' id='word_1_83' title='bbox 375 1476 440 1561; x_wconf 86' lang='lat' dir='ltr'><strong>figit</strong></span> <span class='ocrx_word' id='word_1_84' title='bbox 464 1475 528 1539; x_wconf 91' lang='lat' dir='ltr'><strong>dira</strong></span> <span class='ocrx_word' id='word_1_85' title='bbox 546 1475 724 1550; x_wconf 82' lang='lat' dir='ltr'><strong>nenessitas,</strong></span> <span class='ocrx_word' id='word_1_86' title='bbox 752 1495 786 1537; x_wconf 92' lang='lat' dir='ltr'><strong>re</strong></span> <span class='ocrx_word' id='word_1_87' title='bbox 803 1495 878 1537; x_wconf 89' lang='lat' dir='ltr'><strong>vera</strong></span> <span class='ocrx_word' id='word_1_88' title='bbox 897 1469 1089 1562; x_wconf 79' lang='grc' dir='ltr'><strong><em>αἰιόκομμα</em></strong></span> <span class='ocrx_word' id='word_1_89' title='bbox 1111 1476 1269 1552; x_wconf 74' lang='grc' dir='ltr'><strong><em>λεξειδίοα</em></strong></span> <span class='ocrx_word' id='word_1_90' title='bbox 1291 1499 1364 1542; x_wconf 89' lang='lat' dir='ltr'><strong>esse</strong></span> 
     </span>
     <span class='ocr_line' id='line_1_12' title="bbox 241 1569 1362 1662; baseline -0.003 -15"><span class='ocrx_word' id='word_1_91' title='bbox 241 1582 374 1647; x_wconf 90' lang='lat' dir='ltr'><strong>arbitror</strong></span> <span class='ocrx_word' id='word_1_92' title='bbox 396 1590 429 1642; x_wconf 92' lang='lat' dir='ltr'><strong>ut</strong></span> <span class='ocrx_word' id='word_1_93' title='bbox 450 1569 499 1662; x_wconf 76' lang='lat' dir='ltr'><strong>opo&#39;</strong></span> <span class='ocrx_word' id='word_1_94' title='bbox 522 1598 575 1660; x_wconf 92' lang='lat' dir='ltr'><strong>pro</strong></span> <span class='ocrx_word' id='word_1_95' title='bbox 597 1570 724 1661; x_wconf 75' lang='grc' dir='ltr'><strong><em>ψύθος,</em></strong></span> <span class='ocrx_word' id='word_1_96' title='bbox 749 1576 776 1639; x_wconf 87' lang='lat' dir='ltr'><strong>si</strong></span> <span class='ocrx_word' id='word_1_97' title='bbox 798 1597 904 1642; x_wconf 88' lang='lat' dir='ltr'><strong>verum</strong></span> <span class='ocrx_word' id='word_1_98' title='bbox 926 1579 999 1642; x_wconf 88' lang='lat' dir='ltr'><strong>dioit</strong></span> <span class='ocrx_word' id='word_1_99' title='bbox 1021 1579 1157 1654; x_wconf 87' lang='lat' dir='ltr'><strong>Pbotius,</strong></span> <span class='ocrx_word' id='word_1_100' title='bbox 1187 1591 1221 1643; x_wconf 93' lang='lat' dir='ltr'><strong>ut</strong></span> <span class='ocrx_word' id='word_1_101' title='bbox 1242 1579 1362 1644; x_wconf 82' lang='lat' dir='ltr'><strong>ludicra</strong></span> 
     </span>
     <span class='ocr_line' id='line_1_13' title="bbox 240 1677 1361 1770; baseline -0.004 -21"><span class='ocrx_word' id='word_1_102' title='bbox 240 1687 295 1750; x_wconf 92' lang='lat' dir='ltr'><strong>illa</strong></span> <span class='ocrx_word' id='word_1_103' title='bbox 318 1682 455 1748; x_wconf 86' lang='lat' dir='ltr'><strong>Palladae</strong></span> <span class='ocrx_word' id='word_1_104' title='bbox 474 1679 577 1764; x_wconf 85' lang='lat' dir='ltr'><strong>Epigr.</strong></span> <span class='ocrx_word' id='word_1_105' title='bbox 594 1678 692 1742; x_wconf 86' lang='lat' dir='ltr'><strong>XCll.</strong></span> <span class='ocrx_word' id='word_1_106' title='bbox 715 1677 790 1758; x_wconf 78' lang='grc' dir='ltr'><strong><em>δώ,</em></strong></span> <span class='ocrx_word' id='word_1_107' title='bbox 811 1679 888 1766; x_wconf 80' lang='grc' dir='ltr'><strong><em>ανῆ,</em></strong></span> <span class='ocrx_word' id='word_1_108' title='bbox 910 1679 991 1770; x_wconf 76' lang='lat' dir='ltr'><strong>uoci,</strong></span> <span class='ocrx_word' id='word_1_109' title='bbox 1015 1681 1091 1766; x_wconf 95' lang='lat' dir='ltr'><strong>quod</strong></span> <span class='ocrx_word' id='word_1_110' title='bbox 1114 1703 1210 1766; x_wconf 85' lang='lat' dir='ltr'><strong>genus</strong></span> <span class='ocrx_word' id='word_1_111' title='bbox 1232 1681 1268 1744; x_wconf 93' lang='lat' dir='ltr'><strong>ab</strong></span> <span class='ocrx_word' id='word_1_112' title='bbox 1285 1682 1361 1766; x_wconf 86' lang='lat' dir='ltr'><strong>Epi·</strong></span> 
     </span>
    </p>

    <p class='ocr_par' dir='ltr' id='par_1_3' title="bbox 184 1778 1360 2180">
     <span class='ocr_line' id='line_1_14' title="bbox 184 1778 1360 1870; baseline -0.004 -17"><span class='ocrx_word' id='word_1_113' title='bbox 184 1780 188 1791; x_wconf 84' lang='grc'>’</span> <span class='ocrx_word' id='word_1_114' title='bbox 240 1789 360 1854; x_wconf 85' lang='lat' dir='ltr'><strong>obarmo</strong></span> <span class='ocrx_word' id='word_1_115' title='bbox 383 1783 496 1848; x_wconf 82' lang='lat' dir='ltr'><strong>comico</strong></span> <span class='ocrx_word' id='word_1_116' title='bbox 518 1783 720 1845; x_wconf 86' lang='lat' dir='ltr'><strong>introductum</strong></span> <span class='ocrx_word' id='word_1_117' title='bbox 743 1784 847 1846; x_wconf 83' lang='lat' dir='ltr'><strong>lerunt</strong></span> <span class='ocrx_word' id='word_1_118' title='bbox 867 1805 898 1846; x_wconf 88' lang='lat' dir='ltr'><strong>v.</strong></span> <span class='ocrx_word' id='word_1_119' title='bbox 916 1783 1020 1848; x_wconf 87' lang='lat' dir='ltr'><strong>Suidas</strong></span> <span class='ocrx_word' id='word_1_120' title='bbox 1043 1778 1184 1870; x_wconf 77' lang='grc' dir='ltr'><strong><em>ε.’Ἀλφι</em></strong></span> <span class='ocrx_word' id='word_1_121' title='bbox 1193 1787 1249 1867; x_wconf 83' lang='lat'><strong>⁴³).</strong></span> <span class='ocrx_word' id='word_1_122' title='bbox 1297 1784 1360 1848; x_wconf 87' lang='lat' dir='ltr'><strong>Sed</strong></span> 
     </span>
     <span class='ocr_line' id='line_1_15' title="bbox 239 1885 1357 1968; baseline -0.004 -14"><span class='ocrx_word' id='word_1_123' title='bbox 239 1901 342 1954; x_wconf 84' lang='lat' dir='ltr'><strong>uetera</strong></span> <span class='ocrx_word' id='word_1_124' title='bbox 377 1907 432 1950; x_wconf 89' lang='lat' dir='ltr'><strong>eur</strong></span> <span class='ocrx_word' id='word_1_125' title='bbox 463 1895 618 1968; x_wconf 87' lang='lat' dir='ltr'><strong>apotroeta</strong></span> <span class='ocrx_word' id='word_1_126' title='bbox 646 1885 801 1960; x_wconf 79' lang='lat' dir='ltr'><strong>dieantur,</strong></span> <span class='ocrx_word' id='word_1_127' title='bbox 841 1885 952 1954; x_wconf 86' lang='lat' dir='ltr'><strong>unllam</strong></span> <span class='ocrx_word' id='word_1_128' title='bbox 991 1908 1110 1950; x_wconf 86' lang='lat' dir='ltr'><strong>oausam</strong></span> <span class='ocrx_word' id='word_1_129' title='bbox 1150 1908 1217 1950; x_wconf 89' lang='lat' dir='ltr'><strong>esse</strong></span> <span class='ocrx_word' id='word_1_130' title='bbox 1250 1886 1357 1950; x_wconf 83' lang='lat' dir='ltr'><strong>video.</strong></span> 
     </span>
     <span class='ocr_line' id='line_1_16' title="bbox 238 1981 1359 2076; baseline -0.002 -20"><span class='ocrx_word' id='word_1_131' title='bbox 238 1991 372 2074; x_wconf 85' lang='lat' dir='ltr'><strong>Namque</strong></span> <span class='ocrx_word' id='word_1_132' title='bbox 401 1982 449 2073; x_wconf 82' lang='grc' dir='ltr'><strong>ὅψ</strong></span> <span class='ocrx_word' id='word_1_133' title='bbox 477 1989 513 2050; x_wconf 89' lang='lat' dir='ltr'><strong>ad</strong></span> <span class='ocrx_word' id='word_1_134' title='bbox 543 1981 623 2071; x_wconf 77' lang='grc' dir='ltr'><strong><em>ὄψις</em></strong></span> <span class='ocrx_word' id='word_1_135' title='bbox 652 1987 776 2050; x_wconf 87' lang='lat' dir='ltr'><strong>eandem</strong></span> <span class='ocrx_word' id='word_1_136' title='bbox 802 1987 950 2052; x_wconf 87' lang='lat' dir='ltr'><strong>rationem</strong></span> <span class='ocrx_word' id='word_1_137' title='bbox 982 1987 1071 2052; x_wconf 87' lang='lat' dir='ltr'><strong>babet</strong></span> <span class='ocrx_word' id='word_1_138' title='bbox 1095 2009 1181 2074; x_wconf 89' lang='lat' dir='ltr'><strong>quam</strong></span> <span class='ocrx_word' id='word_1_139' title='bbox 1204 1982 1296 2076; x_wconf 79' lang='grc' dir='ltr'><strong><em>ἅμαξ</em></strong></span> <span class='ocrx_word' id='word_1_140' title='bbox 1317 1991 1359 2054; x_wconf 90' lang='lat' dir='ltr'><strong>ad</strong></span> 
     </span>
     <span class='ocr_line' id='line_1_17' title="bbox 238 2088 1356 2180; baseline -0.003 -21"><span class='ocrx_word' id='word_1_141' title='bbox 238 2088 371 2179; x_wconf 72' lang='grc' dir='ltr'><strong><em>αἵμαξις,</em></strong></span> <span class='ocrx_word' id='word_1_142' title='bbox 393 2089 456 2180; x_wconf 82' lang='grc' dir='ltr'><strong>λίψ</strong></span> <span class='ocrx_word' id='word_1_143' title='bbox 479 2091 523 2154; x_wconf 87' lang='lat' dir='ltr'><strong>ad</strong></span> <span class='ocrx_word' id='word_1_144' title='bbox 537 2091 666 2176; x_wconf 82' lang='grc' dir='ltr'><strong><em>λεῑψις,</em></strong></span> <span class='ocrx_word' id='word_1_145' title='bbox 697 2109 733 2152; x_wconf 85' lang='lat' dir='ltr'><strong>ae</strong></span> <span class='ocrx_word' id='word_1_146' title='bbox 755 2088 781 2151; x_wconf 90' lang='lat' dir='ltr'><strong>si</strong></span> <span class='ocrx_word' id='word_1_147' title='bbox 803 2099 943 2154; x_wconf 77' lang='lat' dir='ltr'><strong>auctores</strong></span> <span class='ocrx_word' id='word_1_148' title='bbox 966 2089 1054 2155; x_wconf 88' lang='lat' dir='ltr'><strong>habet</strong></span> <span class='ocrx_word' id='word_1_149' title='bbox 1076 2093 1174 2157; x_wconf 90' lang='lat' dir='ltr'><strong>miuus</strong></span> <span class='ocrx_word' id='word_1_150' title='bbox 1201 2093 1356 2178; x_wconf 72' lang='lat' dir='ltr'><strong>antiquoS,</strong></span> 
     </span>
    </p>

    <p class='ocr_par' dir='ltr' id='par_1_4' title="bbox 31 2188 1465 4023">
     <span class='ocr_line' id='line_1_18' title="bbox 31 2188 1357 2282; baseline -0.002 -21"><span class='ocrx_word' id='word_1_151' title='bbox 31 2261 35 2282; x_wconf 40' lang='lat'>¹</span> <span class='ocrx_word' id='word_1_152' title='bbox 125 2238 127 2242; x_wconf 93' lang='lat'>-</span> <span class='ocrx_word' id='word_1_153' title='bbox 238 2195 368 2280; x_wconf 79' lang='lat' dir='ltr'><strong>speeiem</strong></span> <span class='ocrx_word' id='word_1_154' title='bbox 391 2203 474 2260; x_wconf 88' lang='lat' dir='ltr'><strong>eerte</strong></span> <span class='ocrx_word' id='word_1_155' title='bbox 497 2188 577 2278; x_wconf 85' lang='lat' dir='ltr'><strong>gerit</strong></span> <span class='ocrx_word' id='word_1_156' title='bbox 598 2190 948 2275; x_wconf 80' lang='lat' dir='ltr'><strong>simplicissimamatque</strong></span> <span class='ocrx_word' id='word_1_157' title='bbox 964 2192 1213 2278; x_wconf 72' lang='lat' dir='ltr'><strong>antiquissimam.</strong></span> <span class='ocrx_word' id='word_1_158' title='bbox 1247 2194 1357 2279; x_wconf 87' lang='lat' dir='ltr'><strong>Neque</strong></span> 
     </span>
     <span class='ocr_line' id='line_1_19' title="bbox 143 2288 1358 2383; baseline 0.002 -23"><span class='ocrx_word' id='word_1_159' title='bbox 143 2339 145 2347; x_wconf 89' lang='lat'>·</span> <span class='ocrx_word' id='word_1_160' title='bbox 239 2299 274 2361; x_wconf 90' lang='lat' dir='ltr'><strong>de</strong></span> <span class='ocrx_word' id='word_1_161' title='bbox 304 2297 416 2360; x_wconf 89' lang='lat' dir='ltr'><strong>duabus</strong></span> <span class='ocrx_word' id='word_1_162' title='bbox 450 2296 577 2371; x_wconf 85' lang='lat' dir='ltr'><strong>formis,</strong></span> <span class='ocrx_word' id='word_1_163' title='bbox 608 2289 692 2380; x_wconf 79' lang='grc' dir='ltr'><strong><em>οἴλφι</em></strong></span> <span class='ocrx_word' id='word_1_164' title='bbox 716 2305 748 2358; x_wconf 88' lang='lat' dir='ltr'><strong>et</strong></span> <span class='ocrx_word' id='word_1_165' title='bbox 769 2288 932 2380; x_wconf 70' lang='lat' dir='ltr'><strong>ultorem,</strong></span> <span class='ocrx_word' id='word_1_166' title='bbox 963 2296 1073 2381; x_wconf 84' lang='lat' dir='ltr'><strong>ambigi</strong></span> <span class='ocrx_word' id='word_1_167' title='bbox 1101 2309 1201 2383; x_wconf 88' lang='lat' dir='ltr'><strong>potest</strong></span> <span class='ocrx_word' id='word_1_168' title='bbox 1221 2309 1291 2362; x_wconf 89' lang='lat' dir='ltr'><strong>utra</strong></span> <span class='ocrx_word' id='word_1_169' title='bbox 1313 2299 1358 2362; x_wconf 88' lang='lat' dir='ltr'><strong>sit</strong></span> 
     </span>
     <span class='ocr_line' id='line_1_20' title="bbox 237 2383 1465 2488; baseline -0.001 -24"><span class='ocrx_word' id='word_1_170' title='bbox 237 2399 399 2464; x_wconf 86' lang='lat' dir='ltr'><strong>vetustior.</strong></span> <span class='ocrx_word' id='word_1_171' title='bbox 446 2397 591 2464; x_wconf 88' lang='lat' dir='ltr'><strong>Similiter</strong></span> <span class='ocrx_word' id='word_1_172' title='bbox 612 2419 631 2462; x_wconf 92' lang='lat' dir='ltr'><strong>a</strong></span> <span class='ocrx_word' id='word_1_173' title='bbox 653 2394 773 2482; x_wconf 82' lang='grc' dir='ltr'><strong><em>Μέσαη</em></strong></span> <span class='ocrx_word' id='word_1_174' title='bbox 800 2409 995 2481; x_wconf 84' lang='lat' dir='ltr'><strong>propagatum</strong></span> <span class='ocrx_word' id='word_1_175' title='bbox 1024 2399 1144 2464; x_wconf 87' lang='lat' dir='ltr'><strong>videtur</strong></span> <span class='ocrx_word' id='word_1_176' title='bbox 1174 2394 1358 2488; x_wconf 76' lang='grc' dir='ltr'><strong><em>Μεσσήνη,</em></strong></span> <span class='ocrx_word' id='word_1_177' title='bbox 1464 2383 1465 2418; x_wconf 61' lang='lat'><strong>³</strong></span> 
     </span>
     <span class='ocr_line' id='line_1_21' title="bbox 238 2498 1353 2575; baseline -0.002 -7"><span class='ocrx_word' id='word_1_178' title='bbox 238 2514 273 2568; x_wconf 88' lang='lat' dir='ltr'><strong>ut</strong></span> <span class='ocrx_word' id='word_1_179' title='bbox 301 2523 321 2566; x_wconf 88' lang='lat' dir='ltr'><strong>a</strong></span> <span class='ocrx_word' id='word_1_180' title='bbox 348 2499 479 2575; x_wconf 86' lang='grc' dir='ltr'><strong><em>Λίσσος</em></strong></span> <span class='ocrx_word' id='word_1_181' title='bbox 506 2502 572 2566; x_wconf 92' lang='lat' dir='ltr'><strong>sive</strong></span> <span class='ocrx_word' id='word_1_182' title='bbox 602 2498 716 2570; x_wconf 80' lang='grc' dir='ltr'><strong><em>Λίσαα</em></strong></span> <span class='ocrx_word' id='word_1_183' title='bbox 754 2521 785 2564; x_wconf 87' lang='lat' dir='ltr'><strong>v.</strong></span> <span class='ocrx_word' id='word_1_184' title='bbox 814 2499 929 2564; x_wconf 86' lang='lat' dir='ltr'><strong>Hoeek.</strong></span> <span class='ocrx_word' id='word_1_185' title='bbox 964 2501 1000 2564; x_wconf 92' lang='lat' dir='ltr'><strong>de</strong></span> <span class='ocrx_word' id='word_1_186' title='bbox 1022 2501 1123 2566; x_wconf 68' lang='lat' dir='ltr'><strong>&#39;Creta</strong></span> <span class='ocrx_word' id='word_1_187' title='bbox 1155 2503 1191 2566; x_wconf 88' lang='lat' dir='ltr'><strong>T.</strong></span> <span class='ocrx_word' id='word_1_188' title='bbox 1217 2503 1241 2566; x_wconf 91' lang='lat' dir='ltr'><strong>l.</strong></span> <span class='ocrx_word' id='word_1_189' title='bbox 1273 2501 1353 2569; x_wconf 88' lang='grc'><strong>388.</strong></span> 
     </span>
     <span class='ocr_line' id='line_1_22' title="bbox 237 2601 1355 2694; baseline -0.004 -18"><span class='ocrx_word' id='word_1_190' title='bbox 237 2603 412 2693; x_wconf 85' lang='grc' dir='ltr'><strong><em>Βλιοοήνη</em></strong></span> <span class='ocrx_word' id='word_1_191' title='bbox 438 2605 537 2668; x_wconf 85' lang='lat' dir='ltr'><strong>Sebol.</strong></span> <span class='ocrx_word' id='word_1_192' title='bbox 556 2605 664 2690; x_wconf 79' lang='lat' dir='ltr'><strong>Odyss,</strong></span> <span class='ocrx_word' id='word_1_193' title='bbox 683 2603 734 2668; x_wconf 93' lang='lat' dir='ltr'><strong>Ill.</strong></span> <span class='ocrx_word' id='word_1_194' title='bbox 753 2601 835 2694; x_wconf 66' lang='lat'><strong>293.</strong></span> <span class='ocrx_word' id='word_1_195' title='bbox 852 2611 884 2666; x_wconf 86' lang='lat' dir='ltr'><strong>et</strong></span> <span class='ocrx_word' id='word_1_196' title='bbox 905 2603 941 2666; x_wconf 94' lang='lat' dir='ltr'><strong>ab</strong></span> <span class='ocrx_word' id='word_1_197' title='bbox 963 2603 1031 2668; x_wconf 90' lang='lat' dir='ltr'><strong>aliis</strong></span> <span class='ocrx_word' id='word_1_198' title='bbox 1053 2604 1195 2689; x_wconf 87' lang='lat' dir='ltr'><strong>stirpibus</strong></span> <span class='ocrx_word' id='word_1_199' title='bbox 1207 2604 1355 2694; x_wconf 71' lang='grc' dir='ltr'><strong><em>γαλήνη,</em></strong></span> 
     </span>
     <span class='ocr_line' id='line_1_23' title="bbox 235 2702 1351 2798; baseline -0.002 -22"><span class='ocrx_word' id='word_1_200' title='bbox 235 2704 353 2798; x_wconf 77' lang='grc' dir='ltr'><strong><em>εἰρήνη</em></strong></span> <span class='ocrx_word' id='word_1_201' title='bbox 375 2730 415 2788; x_wconf 66' lang='grc' dir='ltr'><strong>ν.</strong></span> <span class='ocrx_word' id='word_1_202' title='bbox 430 2707 512 2771; x_wconf 90' lang='lat' dir='ltr'><strong>Suid.</strong></span> <span class='ocrx_word' id='word_1_203' title='bbox 538 2729 565 2770; x_wconf 93' lang='lat' dir='ltr'><strong>s.</strong></span> <span class='ocrx_word' id='word_1_204' title='bbox 585 2702 719 2794; x_wconf 67' lang='grc' dir='ltr'><strong><em>’Υπηνη</em></strong></span> <span class='ocrx_word' id='word_1_205' title='bbox 741 2717 772 2770; x_wconf 86' lang='lat' dir='ltr'><strong>et</strong></span> <span class='ocrx_word' id='word_1_206' title='bbox 794 2705 929 2792; x_wconf 68' lang='lat' dir='ltr'><strong>Lennep.</strong></span> <span class='ocrx_word' id='word_1_207' title='bbox 957 2707 993 2770; x_wconf 91' lang='lat' dir='ltr'><strong>ad</strong></span> <span class='ocrx_word' id='word_1_208' title='bbox 1017 2705 1137 2771; x_wconf 87' lang='lat' dir='ltr'><strong>Pbalar.</strong></span> <span class='ocrx_word' id='word_1_209' title='bbox 1157 2708 1247 2772; x_wconf 89' lang='lat' dir='ltr'><strong>CVll.</strong></span> <span class='ocrx_word' id='word_1_210' title='bbox 1272 2707 1351 2774; x_wconf 89' lang='grc'><strong>398.</strong></span> 
     </span>
     <span class='ocr_line' id='line_1_24' title="bbox 236 2799 1355 2894; baseline -0.003 -15"><span class='ocrx_word' id='word_1_211' title='bbox 236 2808 339 2884; x_wconf 78' lang='lat' dir='ltr'><strong>Aedui</strong></span> <span class='ocrx_word' id='word_1_212' title='bbox 362 2821 463 2876; x_wconf 89' lang='lat' dir='ltr'><strong>aulem</strong></span> <span class='ocrx_word' id='word_1_213' title='bbox 486 2832 548 2874; x_wconf 94' lang='lat' dir='ltr'><strong>non</strong></span> <span class='ocrx_word' id='word_1_214' title='bbox 570 2809 689 2894; x_wconf 86' lang='lat' dir='ltr'><strong>longius</strong></span> <span class='ocrx_word' id='word_1_215' title='bbox 712 2829 798 2892; x_wconf 90' lang='lat' dir='ltr'><strong>quam</strong></span> <span class='ocrx_word' id='word_1_216' title='bbox 819 2799 967 2894; x_wconf 75' lang='grc' dir='ltr'><strong><em>Δωδώνη</em></strong></span> <span class='ocrx_word' id='word_1_217' title='bbox 987 2810 1074 2878; x_wconf 85' lang='lat' dir='ltr'><strong>¹abest</strong></span> <span class='ocrx_word' id='word_1_218' title='bbox 1101 2833 1119 2876; x_wconf 88' lang='lat' dir='ltr'>a</span> <span class='ocrx_word' id='word_1_219' title='bbox 1145 2812 1266 2876; x_wconf 90' lang='lat' dir='ltr'><strong>nomine</strong></span> <span class='ocrx_word' id='word_1_220' title='bbox 1296 2812 1355 2876; x_wconf 86' lang='lat' dir='ltr'><strong>llu-</strong></span> 
     </span>
     <span class='ocr_line' id='line_1_25' title="bbox 237 2911 1354 3004; baseline -0.003 -22"><span class='ocrx_word' id='word_1_221' title='bbox 237 2919 282 2982; x_wconf 89' lang='lat' dir='ltr'><strong>vii</strong></span> <span class='ocrx_word' id='word_1_222' title='bbox 304 2911 440 2994; x_wconf 84' lang='grc' dir='ltr'><strong><em>Διόδων,</em></strong></span> <span class='ocrx_word' id='word_1_223' title='bbox 462 2914 542 2978; x_wconf 91' lang='lat' dir='ltr'><strong>unde</strong></span> <span class='ocrx_word' id='word_1_224' title='bbox 563 2912 709 2997; x_wconf 89' lang='lat' dir='ltr'><strong>appellata</strong></span> <span class='ocrx_word' id='word_1_225' title='bbox 730 2932 798 2975; x_wconf 89' lang='lat' dir='ltr'><strong>esse</strong></span> <span class='ocrx_word' id='word_1_226' title='bbox 821 2911 930 2974; x_wconf 86' lang='lat' dir='ltr'><strong>dieitur</strong></span> <span class='ocrx_word' id='word_1_227' title='bbox 951 2933 982 2976; x_wconf 90' lang='lat' dir='ltr'><strong>v.</strong></span> <span class='ocrx_word' id='word_1_228' title='bbox 1004 2912 1105 3004; x_wconf 89' lang='lat' dir='ltr'><strong>Stepb.</strong></span> <span class='ocrx_word' id='word_1_229' title='bbox 1129 2914 1207 2978; x_wconf 89' lang='lat' dir='ltr'><strong>siout</strong></span> <span class='ocrx_word' id='word_1_230' title='bbox 1229 2913 1354 3000; x_wconf 85' lang='lat' dir='ltr'><strong>Cyrene</strong></span> 
     </span>
     <span class='ocr_line' id='line_1_26' title="bbox 237 3009 1354 3106; baseline -0.003 -22"><span class='ocrx_word' id='word_1_231' title='bbox 237 3019 360 3106; x_wconf 87' lang='lat' dir='ltr'><strong>aCyra</strong></span> <span class='ocrx_word' id='word_1_232' title='bbox 381 3019 478 3093; x_wconf 90' lang='lat' dir='ltr'><strong>fonte,</strong></span> <span class='ocrx_word' id='word_1_233' title='bbox 503 3017 671 3102; x_wconf 86' lang='lat' dir='ltr'><strong>Syracusae</strong></span> <span class='ocrx_word' id='word_1_234' title='bbox 693 3035 711 3076; x_wconf 84' lang='lat' dir='ltr'><strong>a</strong></span> <span class='ocrx_word' id='word_1_235' title='bbox 735 3009 879 3098; x_wconf 83' lang='grc' dir='ltr'><strong><em>Σνρακώ</em></strong></span> <span class='ocrx_word' id='word_1_236' title='bbox 902 3024 1008 3100; x_wconf 84' lang='lat' dir='ltr'><strong>stagno</strong></span> <span class='ocrx_word' id='word_1_237' title='bbox 1031 3038 1062 3080; x_wconf 90' lang='lat' dir='ltr'><strong>v.</strong></span> <span class='ocrx_word' id='word_1_238' title='bbox 1082 3015 1214 3080; x_wconf 83' lang='lat' dir='ltr'><strong>Goeller</strong></span> <span class='ocrx_word' id='word_1_239' title='bbox 1238 3018 1275 3080; x_wconf 90' lang='lat' dir='ltr'><strong>de</strong></span> <span class='ocrx_word' id='word_1_240' title='bbox 1291 3013 1354 3104; x_wconf 80' lang='lat' dir='ltr'><strong>Sy-</strong></span> 
     </span>
     <span class='ocr_line' id='line_1_27' title="bbox 238 3110 1353 3206; baseline -0.003 -19"><span class='ocrx_word' id='word_1_241' title='bbox 238 3143 302 3188; x_wconf 87' lang='lat' dir='ltr'><strong>rae.</strong></span> <span class='ocrx_word' id='word_1_242' title='bbox 334 3142 364 3205; x_wconf 89' lang='lat' dir='ltr'><strong>p.</strong></span> <span class='ocrx_word' id='word_1_243' title='bbox 390 3117 445 3185; x_wconf 88' lang='grc'><strong>82.</strong></span> <span class='ocrx_word' id='word_1_244' title='bbox 497 3117 634 3200; x_wconf 89' lang='lat' dir='ltr'><strong>Denique</strong></span> <span class='ocrx_word' id='word_1_245' title='bbox 661 3113 770 3196; x_wconf 76' lang='grc' dir='ltr'><strong><em>Εἰδώ,</em></strong></span> <span class='ocrx_word' id='word_1_246' title='bbox 798 3113 908 3201; x_wconf 80' lang='grc' dir='ltr'><strong><em>Ὺψώ,</em></strong></span> <span class='ocrx_word' id='word_1_247' title='bbox 940 3111 1070 3204; x_wconf 82' lang='grc' dir='ltr'><strong><em>Ἁφρώ,</em></strong></span> <span class='ocrx_word' id='word_1_248' title='bbox 1103 3110 1222 3206; x_wconf 67' lang='lat' dir='ltr'><strong>Aaou,</strong></span> <span class='ocrx_word' id='word_1_249' title='bbox 1259 3139 1353 3184; x_wconf 91' lang='lat' dir='ltr'><strong>nemo</strong></span> 
     </span>
     <span class='ocr_line' id='line_1_28' title="bbox 236 3213 1455 3313; baseline -0.002 -25"><span class='ocrx_word' id='word_1_250' title='bbox 236 3235 406 3309; x_wconf 89' lang='lat' dir='ltr'><strong>propterea,</strong></span> <span class='ocrx_word' id='word_1_251' title='bbox 431 3221 508 3306; x_wconf 91' lang='lat' dir='ltr'><strong>qnod</strong></span> <span class='ocrx_word' id='word_1_252' title='bbox 528 3213 714 3306; x_wconf 77' lang='grc' dir='ltr'><strong><em>Ὑψιπύλη,</em></strong></span> <span class='ocrx_word' id='word_1_253' title='bbox 735 3217 901 3306; x_wconf 78' lang='grc' dir='ltr'><strong><em>Δωροθέα</em></strong></span> <span class='ocrx_word' id='word_1_254' title='bbox 924 3230 956 3284; x_wconf 91' lang='lat' dir='ltr'><strong>et</strong></span> <span class='ocrx_word' id='word_1_255' title='bbox 977 3231 1078 3286; x_wconf 79' lang='lat' dir='ltr'><strong>uetera</strong></span> <span class='ocrx_word' id='word_1_256' title='bbox 1095 3221 1249 3307; x_wconf 83' lang='lat' dir='ltr'><strong>leguntur,</strong></span> <span class='ocrx_word' id='word_1_257' title='bbox 1273 3222 1354 3286; x_wconf 92' lang='lat' dir='ltr'><strong>miu·</strong></span> <span class='ocrx_word' id='word_1_258' title='bbox 1454 3269 1455 3313; x_wconf 53' lang='lat' dir='ltr'><strong>p</strong></span> 
     </span>
     <span class='ocr_line' id='line_1_29' title="bbox 236 3321 959 3407; baseline -0.008 -15"><span class='ocrx_word' id='word_1_259' title='bbox 236 3328 281 3392; x_wconf 89' lang='lat' dir='ltr'><strong>ris</strong></span> <span class='ocrx_word' id='word_1_260' title='bbox 303 3323 520 3390; x_wconf 81' lang='lat' dir='ltr'><strong>adnumerabit.</strong></span> <span class='ocrx_word' id='word_1_261' title='bbox 568 3321 626 3386; x_wconf 89' lang='lat' dir='ltr'><strong>Sed</strong></span> <span class='ocrx_word' id='word_1_262' title='bbox 647 3321 800 3385; x_wconf 88' lang='lat' dir='ltr'><strong>absolvam</strong></span> <span class='ocrx_word' id='word_1_263' title='bbox 822 3343 959 3407; x_wconf 91' lang='lat' dir='ltr'><strong>pensum.</strong></span> 
     </span>
     <span class='ocr_line' id='line_1_30' title="bbox 320 3419 1348 3513; baseline -0.002 -19"><span class='ocrx_word' id='word_1_264' title='bbox 320 3427 355 3494; x_wconf 92' lang='lat' dir='ltr'><strong>lu</strong></span> <span class='ocrx_word' id='word_1_265' title='bbox 383 3441 436 3512; x_wconf 80' lang='grc' dir='ltr'><strong>νψ</strong></span> <span class='ocrx_word' id='word_1_266' title='bbox 466 3427 524 3489; x_wconf 91' lang='lat' dir='ltr'><strong>duo</strong></span> <span class='ocrx_word' id='word_1_267' title='bbox 554 3425 693 3489; x_wconf 87' lang='lat' dir='ltr'><strong>novimus</strong></span> <span class='ocrx_word' id='word_1_268' title='bbox 722 3425 822 3489; x_wconf 88' lang='lat' dir='ltr'><strong>avium</strong></span> <span class='ocrx_word' id='word_1_269' title='bbox 845 3427 979 3504; x_wconf 88' lang='lat' dir='ltr'><strong>nomina,</strong></span> <span class='ocrx_word' id='word_1_270' title='bbox 1007 3419 1080 3513; x_wconf 78' lang='grc' dir='ltr'><strong>γύψ</strong></span> <span class='ocrx_word' id='word_1_271' title='bbox 1107 3425 1220 3490; x_wconf 88' lang='lat' dir='ltr'><strong>Lueian</strong></span> <span class='ocrx_word' id='word_1_272' title='bbox 1243 3427 1279 3490; x_wconf 87' lang='lat' dir='ltr'><strong>de</strong></span> <span class='ocrx_word' id='word_1_273' title='bbox 1301 3427 1348 3492; x_wconf 91' lang='lat' dir='ltr'><strong>M.</strong></span> 
     </span>
     <span class='ocr_line' id='line_1_31' title="bbox 236 3523 1452 3616; baseline -0.003 -20"><span class='ocrx_word' id='word_1_274' title='bbox 236 3531 361 3616; x_wconf 84' lang='lat' dir='ltr'><strong>Peregr.</strong></span> <span class='ocrx_word' id='word_1_275' title='bbox 383 3530 412 3614; x_wconf 81' lang='lat'><strong>§.</strong></span> <span class='ocrx_word' id='word_1_276' title='bbox 427 3526 480 3594; x_wconf 80' lang='lat'><strong>39.</strong></span> <span class='ocrx_word' id='word_1_277' title='bbox 505 3550 553 3592; x_wconf 86' lang='lat' dir='ltr'><strong>eur</strong></span> <span class='ocrx_word' id='word_1_278' title='bbox 545 3527 726 3592; x_wconf 82' lang='lat' dir='ltr'><strong>Atticistae</strong></span> <span class='ocrx_word' id='word_1_279' title='bbox 748 3523 906 3616; x_wconf 76' lang='grc' dir='ltr'><strong><em>αἰηοιιιός</em></strong></span> <span class='ocrx_word' id='word_1_280' title='bbox 927 3529 1100 3613; x_wconf 86' lang='lat' dir='ltr'><strong>praeierunt</strong></span> <span class='ocrx_word' id='word_1_281' title='bbox 1121 3551 1153 3593; x_wconf 89' lang='lat' dir='ltr'><strong>v.</strong></span> <span class='ocrx_word' id='word_1_282' title='bbox 1169 3528 1251 3592; x_wconf 91' lang='lat' dir='ltr'><strong>Suid.</strong></span> <span class='ocrx_word' id='word_1_283' title='bbox 1269 3551 1295 3593; x_wconf 91' lang='lat' dir='ltr'><strong>s.</strong></span> <span class='ocrx_word' id='word_1_284' title='bbox 1315 3529 1349 3592; x_wconf 91' lang='lat' dir='ltr'><strong>b.</strong></span> <span class='ocrx_word' id='word_1_285' title='bbox 1451 3567 1452 3571; x_wconf 60' lang='lat'><em>=</em></span> 
     </span>
     <span class='ocr_line' id='line_1_32' title="bbox 236 3626 1451 3720; baseline -0.003 -21"><span class='ocrx_word' id='word_1_286' title='bbox 236 3655 269 3699; x_wconf 86' lang='lat' dir='ltr'><strong>v.</strong></span> <span class='ocrx_word' id='word_1_287' title='bbox 287 3633 403 3698; x_wconf 83' lang='lat' dir='ltr'><strong>Aneed.</strong></span> <span class='ocrx_word' id='word_1_288' title='bbox 422 3631 519 3697; x_wconf 80' lang='lat' dir='ltr'><strong>ssekl.</strong></span> <span class='ocrx_word' id='word_1_289' title='bbox 537 3653 566 3716; x_wconf 91' lang='lat' dir='ltr'><strong>p.</strong></span> <span class='ocrx_word' id='word_1_290' title='bbox 584 3629 659 3695; x_wconf 85' lang='lat'><strong>354.</strong></span> <span class='ocrx_word' id='word_1_291' title='bbox 685 3641 716 3696; x_wconf 84' lang='lat' dir='ltr'><strong>et</strong></span> <span class='ocrx_word' id='word_1_292' title='bbox 737 3626 831 3720; x_wconf 74' lang='lat' dir='ltr'><strong>ypo&#39;qt</strong></span> <span class='ocrx_word' id='word_1_293' title='bbox 852 3631 963 3694; x_wconf 89' lang='lat' dir='ltr'><strong>Athen.</strong></span> <span class='ocrx_word' id='word_1_294' title='bbox 980 3630 1036 3694; x_wconf 89' lang='lat' dir='ltr'><strong>Xl.</strong></span> <span class='ocrx_word' id='word_1_295' title='bbox 1053 3629 1129 3695; x_wconf 86' lang='grc'><strong>496.</strong></span> <span class='ocrx_word' id='word_1_296' title='bbox 1146 3631 1182 3694; x_wconf 85' lang='grc' dir='ltr'><strong>Ε.</strong></span> <span class='ocrx_word' id='word_1_297' title='bbox 1206 3631 1348 3717; x_wconf 83' lang='lat' dir='ltr'><strong>Inscript.</strong></span> <span class='ocrx_word' id='word_1_298' title='bbox 1449 3643 1451 3720; x_wconf 44' lang='grc' dir='ltr'><em>ζ</em></span> 
     </span>
     <span class='ocr_line' id='line_1_33' title="bbox 236 3731 1449 3836; baseline -0.002 -37"><span class='ocrx_word' id='word_1_299' title='bbox 236 3736 301 3799; x_wconf 87' lang='lat' dir='ltr'><strong>Att.</strong></span> <span class='ocrx_word' id='word_1_300' title='bbox 327 3735 425 3798; x_wconf 86' lang='lat' dir='ltr'><strong>Class.</strong></span> <span class='ocrx_word' id='word_1_301' title='bbox 443 3733 481 3796; x_wconf 93' lang='lat' dir='ltr'><strong>ll.</strong></span> <span class='ocrx_word' id='word_1_302' title='bbox 506 3755 538 3796; x_wconf 92' lang='lat' dir='ltr'><strong>n.</strong></span> <span class='ocrx_word' id='word_1_303' title='bbox 565 3732 639 3798; x_wconf 88' lang='grc'><strong>139.</strong></span> <span class='ocrx_word' id='word_1_304' title='bbox 670 3735 720 3797; x_wconf 91' lang='lat' dir='ltr'><strong>ubi</strong></span> <span class='ocrx_word' id='word_1_305' title='bbox 750 3745 797 3798; x_wconf 90' lang='lat' dir='ltr'><strong>est</strong></span> <span class='ocrx_word' id='word_1_306' title='bbox 818 3733 1014 3816; x_wconf 89' lang='lat' dir='ltr'><strong>instrumenti</strong></span> <span class='ocrx_word' id='word_1_307' title='bbox 1040 3731 1195 3798; x_wconf 85' lang='lat' dir='ltr'><strong>domestici</strong></span> <span class='ocrx_word' id='word_1_308' title='bbox 1217 3748 1349 3811; x_wconf 82' lang='lat' dir='ltr'><strong>nomen&#39;3</strong></span> <span class='ocrx_word' id='word_1_309' title='bbox 1444 3743 1449 3836; x_wconf 72' lang='lat' dir='ltr'><strong>p</strong></span> 
     </span>
     <span class='ocr_line' id='line_1_34' title="bbox 237 3834 1351 3920; baseline -0.001 -19"><span class='ocrx_word' id='word_1_310' title='bbox 237 3835 356 3920; x_wconf 80' lang='lat' dir='ltr'><strong>saepius</strong></span> <span class='ocrx_word' id='word_1_311' title='bbox 378 3857 454 3902; x_wconf 88' lang='lat' dir='ltr'><strong>vero</strong></span> <span class='ocrx_word' id='word_1_312' title='bbox 476 3834 599 3919; x_wconf 91' lang='lat' dir='ltr'><strong>obliqui,</strong></span> <span class='ocrx_word' id='word_1_313' title='bbox 622 3834 699 3898; x_wconf 87' lang='lat' dir='ltr'><strong>falso</strong></span> <span class='ocrx_word' id='word_1_314' title='bbox 722 3835 896 3920; x_wconf 90' lang='lat' dir='ltr'><strong>plerumque</strong></span> <span class='ocrx_word' id='word_1_315' title='bbox 917 3847 1057 3914; x_wconf 86' lang='lat' dir='ltr'><strong>aeoentu,</strong></span> <span class='ocrx_word' id='word_1_316' title='bbox 1086 3837 1118 3900; x_wconf 92' lang='lat' dir='ltr'><strong>in</strong></span> <span class='ocrx_word' id='word_1_317' title='bbox 1140 3857 1199 3918; x_wconf 92' lang='lat' dir='ltr'><strong>quo</strong></span> <span class='ocrx_word' id='word_1_318' title='bbox 1220 3837 1351 3920; x_wconf 85' lang='lat' dir='ltr'><strong>scripto-</strong></span> 
     </span>
     <span class='ocr_line' id='line_1_35' title="bbox 236 3937 1347 4023; baseline -0.002 -19"><span class='ocrx_word' id='word_1_319' title='bbox 236 3959 287 4004; x_wconf 87' lang='lat' dir='ltr'><strong>res</strong></span> <span class='ocrx_word' id='word_1_320' title='bbox 308 3938 389 4023; x_wconf 84' lang='lat' dir='ltr'><strong>ipsos</strong></span> <span class='ocrx_word' id='word_1_321' title='bbox 412 3957 532 4002; x_wconf 89' lang='lat' dir='ltr'><strong>errasse</strong></span> <span class='ocrx_word' id='word_1_322' title='bbox 554 3937 692 4022; x_wconf 72' lang='lat' dir='ltr'><strong>exemplo</strong></span> <span class='ocrx_word' id='word_1_323' title='bbox 715 3949 761 4003; x_wconf 91' lang='lat' dir='ltr'><strong>est</strong></span> <span class='ocrx_word' id='word_1_324' title='bbox 782 3937 946 4022; x_wconf 82' lang='lat' dir='ltr'><strong>Gregorius</strong></span> <span class='ocrx_word' id='word_1_325' title='bbox 970 3937 1071 4004; x_wconf 84' lang='lat' dir='ltr'><strong>Germ.</strong></span> <span class='ocrx_word' id='word_1_326' title='bbox 1089 3937 1198 4002; x_wconf 88' lang='lat' dir='ltr'><strong>LXlll.</strong></span> <span class='ocrx_word' id='word_1_327' title='bbox 1222 3960 1252 4023; x_wconf 95' lang='lat' dir='ltr'><strong>p.</strong></span> <span class='ocrx_word' id='word_1_328' title='bbox 1271 3938 1347 4003; x_wconf 85' lang='lat'><strong>151.</strong></span> 
     </span>
    </p>
   </div>
   <div class='ocr_carea' id='block_1_3' title="bbox 108 4172 1444 4336">
    <p class='ocr_par' dir='ltr' id='par_1_5' title="bbox 108 4172 1444 4336">
     <span class='ocr_line' id='line_1_36' title="bbox 229 4172 1444 4261; baseline 0.001 -30"><span class='ocrx_word' id='word_1_329' title='bbox 229 4211 232 4218; x_wconf 51' lang='grc' dir='ltr'><strong><em>ι</em></strong></span> <span class='ocrx_word' id='word_1_330' title='bbox 305 4179 352 4245; x_wconf 79' lang='grc'><strong>43)</strong></span> <span class='ocrx_word' id='word_1_331' title='bbox 365 4172 435 4230; x_wconf 77' lang='lat' dir='ltr'><strong>Num</strong></span> <span class='ocrx_word' id='word_1_332' title='bbox 453 4179 521 4246; x_wconf 89' lang='lat' dir='ltr'><strong>quod</strong></span> <span class='ocrx_word' id='word_1_333' title='bbox 540 4177 633 4232; x_wconf 78' lang='lat' dir='ltr'><strong>Suidss</strong></span> <span class='ocrx_word' id='word_1_334' title='bbox 649 4179 727 4231; x_wconf 77' lang='lat' dir='ltr'><strong>affert</strong></span> <span class='ocrx_word' id='word_1_335' title='bbox 755 4175 875 4248; x_wconf 72' lang='lat' dir='ltr'><strong>dbpo&#39;urq</strong></span> <span class='ocrx_word' id='word_1_336' title='bbox 890 4173 909 4246; x_wconf 80' lang='grc' dir='ltr'><em>ἦ</em></span> <span class='ocrx_word' id='word_1_337' title='bbox 927 4174 1062 4249; x_wconf 59' lang='lat' dir='ltr'><strong>prinecps,</strong></span> <span class='ocrx_word' id='word_1_338' title='bbox 1080 4194 1114 4238; x_wconf 81' lang='lat' dir='ltr'><strong>ex</strong></span> <span class='ocrx_word' id='word_1_339' title='bbox 1130 4180 1256 4247; x_wconf 83' lang='lat' dir='ltr'><strong>ejusmodi</strong></span> <span class='ocrx_word' id='word_1_340' title='bbox 1274 4178 1347 4232; x_wconf 79' lang='lat' dir='ltr'><strong>fonte</strong></span> <span class='ocrx_word' id='word_1_341' title='bbox 1443 4225 1444 4261; x_wconf 28' lang='grc' dir='ltr'>ἶ</span> 
     </span>
     <span class='ocr_line' id='line_1_37' title="bbox 108 4259 1344 4336; baseline -0.008 -12"><span class='ocrx_word' id='word_1_342' title='bbox 108 4319 110 4324; x_wconf 89' lang='grc'><em>,</em></span> <span class='ocrx_word' id='word_1_343' title='bbox 237 4267 377 4336; x_wconf 73' lang='lat' dir='ltr'><strong>produxit?</strong></span> <span class='ocrx_word' id='word_1_344' title='bbox 403 4259 525 4336; x_wconf 79' lang='grc' dir='ltr'><strong><em>Ὃμοιιλή</em></strong></span> <span class='ocrx_word' id='word_1_345' title='bbox 542 4272 569 4316; x_wconf 86' lang='lat' dir='ltr'><strong>et</strong></span> <span class='ocrx_word' id='word_1_346' title='bbox 585 4262 699 4334; x_wconf 78' lang='grc' dir='ltr'><strong><em>ἐπίκλην</em></strong></span> <span class='ocrx_word' id='word_1_347' title='bbox 716 4265 749 4317; x_wconf 84' lang='lat' dir='ltr'><strong>ud</strong></span> <span class='ocrx_word' id='word_1_348' title='bbox 767 4267 846 4318; x_wconf 74' lang='lat' dir='ltr'><strong>aliun</strong></span> <span class='ocrx_word' id='word_1_349' title='bbox 864 4265 948 4318; x_wconf 81' lang='lat' dir='ltr'><strong>locum</strong></span> <span class='ocrx_word' id='word_1_350' title='bbox 965 4265 1105 4334; x_wconf 79' lang='lat' dir='ltr'><strong>pertinent.</strong></span> <span class='ocrx_word' id='word_1_351' title='bbox 1341 4281 1344 4288; x_wconf 95' lang='lat'>·</span> 
     </span>
    </p>
   </div>
   <div class='ocr_carea' id='block_1_4' title="bbox 0 0 1474 4894">
    <p class='ocr_par' dir='ltr' id='par_1_6' title="bbox 0 0 1474 4894">
     <span class='ocr_line' id='line_1_38' title="bbox 0 0 1474 4894; baseline 0 5"><span class='ocrx_word' id='word_1_352' title='bbox 0 0 1474 4894; x_wconf 95' lang='lat' dir='ltr'><strong> </strong></span> 
     </span>
    </p>
   </div>
  </div>
 </body>
</html>
