2926 4886
234 295 308 365 010
411 347 415 356 .
580 291 899 362 nissuururlo
922 293 986 362 lll.

192 524 194 528 ψ
235 473 396 541 cccclx.
418 493 447 542 o.
477 465 716 562 ιλιιλοοόματι,
737 495 791 559 pro
813 495 871 559 quo
893 473 1040 540 Homerus
1063 467 1294 566 ολδολομῆοα,
1317 465 1346 548 oi

233 576 465 664 ποικιλομῆτα
486 577 575 656 dixit,
598 576 766 662 Aeschylus
788 570 1020 662 ολαῑπαμῇαα,
1044 579 1096 642 sed
1118 579 1196 646 idem
1214 581 1265 649 ubi
1282 603 1346 646 mo·

234 693 315 746 trum
337 681 477 764 poscebat
498 683 531 744 ol
549 671 768 765 ciclopop'eulac
789 680 889 765 Suppl.
903 677 977 744 750.
1001 699 1098 763 neque
1119 681 1248 746 alterum
1271 685 1342 748 snb·

234 782 376 850 stautivis
403 779 555 844 femininis
581 782 713 865 adoptari
742 793 858 866 potest=
890 773 1099 867 crolupop'eulc
1118 781 1219 876 τέχνῃ
1249 784 1343 869 Orpb.

234 886 309 970 Arg.
334 881 406 949 126.
430 879 561 970 βοαλήα
583 877 815 972 α’γιιαλόματια
835 883 936 949 Νοοο.
959 883 1028 946 Par.
1053 881 1104 947 IV.
1127 883 1180 949 75.
1203 885 1348 954 modio·-

234 979 358 1073 lripoput
378 985 468 1050 Dic‘n.
494 983 572 1050 Vlll.
601 985 673 1052 126.
701 985 902 1073 πραῦραητιν
924 980 1077 1054 Ἑλευθολ
1104 985 1189 1052 Piud.
1219 989 1267 1052 01.
1291 987 1345 1054 Vl.

235 1089 291 1155 71.
315 1083 586 1174 ποικιλοριῆτιδεο
612 1082 692 1156 ἆται
710 1090 810 1175 Septi.
832 1089 883 1153 Fr.
905 1087 994 1152 Terei
1015 1087 1072 1152 IX.
1117 1086 1151 1152 ln
1181 1089 1268 1153 exitu
1295 1111 1347 1154 se-

235 1192 314 1257 narii
335 1190 456 1256 llesicd.
482 1189 554 1275 Opp.
572 1188 710 1276 48..quc
731 1192 799 1257 loco
830 1192 979 1256 Homerus
1000 1210 1118 1274 semper
1144 1185 1347 1279 dructemi-

106 1343 109 1350 ·
234 1318 305 1381 της,
325 1288 581 1379 ποικιλομήοης,
604 1295 715 1378 posuit,
738 1315 827 1358 nemo
846 1293 981 1378 probabit
1003 1283 1241 1379 ciyeclc'pspmr.
1285 1293 1346 1358 Setl

112 1453 116 1462 .
235 1419 289 1484 pro
318 1391 522 1482 molupcp'eou
549 1394 667 1485 τέχνης
693 1395 786 1460 Antb.
819 1395 881 1459 Pal.
906 1393 962 1457 lX.
1000 1415 1032 1456 n.
1064 1392 1118 1457 63.
1149 1407 1234 1460 recte
1263 1416 1348 1460 nunc

235 1499 348 1583 legitur
368 1488 604 1583 πολυκμήτου,
626 1519 679 1582 pro
702 1492 921 1583 oiolcpfp'cocc
942 1495 1247 1564 recrementis.
1271 1502 1347 1566 αλο·

234 1599 427 1688 λοριίοροις,
469 1620 552 1682 quae·
571 1600 636 1685 ipsa
667 1600 810 1664 voeabula
841 1621 859 1662 a
889 1599 1019 1662 librariis
1049 1599 1173 1663 confusa
1204 1611 1276 1664 sunt
1309 1602 1345 1666 in

235 1705 364 1770 Theocr.
392 1701 491 1766 XVII.
520 1699 571 1766 19.
605 1723 702 1785 neque
724 1702 804 1766 aliud
827 1701 914 1786 hujus
936 1700 1146 1765 heteroclisiae
1169 1703 1343 1786 exemplum

235 1806 376 1890 suppetit.
399 1805 563 1880 Aooentus,
587 1825 673 1888 quem
692 1803 884 1868 Grammatici
898 1802 967 1866 huic
989 1803 1093 1887 generi
1116 1805 1338 1888 praescribunt,

135 1889 140 1912 '
235 1920 318 1973 tanta
342 1917 483 1972 servatur
504 1907 671 1970 constantia
694 1917 726 1972 ut
746 1904 928 1992 mcpcpmimc
950 1903 1093 1968 Simonid.
1121 1905 1172 1969 Fr.
1198 1905 1340 1971 CCXXI.

171 2089 174 2096 1
237 2011 332 2077 Gaisf.
365 2007 514 2074 XXXIII.
546 2008 735 2073 Schneidew.
764 2021 796 2073 et
824 2009 851 2072 si
882 2008 951 2092 quid
980 2006 1077 2070 simile
1110 2007 1278 2072 intervenit
1307 2031 1342 2074 v.

234 2112 390 2178 Muetzell.
418 2112 455 2174 dc
479 2110 592 2194 Tbecg.
617 2131 646 2193 p.
671 2109 726 2172 21.
750 2111 779 2174 id
794 2111 983 2174 librariorum
1000 2108 1134 2172 incuriae
1151 2109 1253 2174 deberi
1270 2133 1345 2176 con·

234 2216 356 2290 veniat,
387 2214 437 2298 qui
465 2225 500 2276 ut
527 2233 545 2276 a
566 2203 744 2299 προφήτης
765 2212 953 2299 προφῆτις,
977 2212 1090 2296 pariter
1112 2232 1131 2275 a
1151 2206 1345 2300 παμμήτησ
1447 2277 1451 2285 .

234 2316 417 2404 παμμῆτις
438 2315 617 2380 declinatum
641 2337 707 2380 esse
729 2325 881 2399 putarunt.
904 2343 906 2348 ·
926 2314 1038 2377 Verum
1060 2314 1139 2378 enim
1163 2335 1237 2378 vero
1261 2338 1344 2380 com-

234 2419 364 2506 positum
386 2429 444 2496 est,
467 2429 501 2482 ut
522 2411 682 2504 εὔπατρις
704 2429 735 2482 et
755 2418 865 2482 similia
888 2415 1054 2501 adjectiva,
1085 2418 1248 2500 dequibus
1270 2429 1343 2484 uota

235 2534 283 2588 ost
310 2522 576 2586 Grammaticorum
603 2521 793 2607 praeceptio:
829 2531 1073 2605 proparoxytona
1103 2541 1170 2586 esse
1198 2541 1274 2604 quae
1304 2522 1345 2585 ab

234 2625 381 2713 cxp'tonis
402 2622 669 2710 brachycatalectis
699 2623 860 2708 composita
882 2621 962 2698 siut,
995 2634 1202 2708 perexptere,
1226 2643 1303 2707 quae
1324 2644 1346 2688 a

233 2726 505 2801 macrocataleotiS,
528 2745 615 2809 quam
636 2725 770 2808 regulam
793 2725 924 2809 migrant
944 2723 1223 2810 φιλελπίςΑοοοά.
1246 2724 1341 2810 pto.

233 2826 433 2916 μελαναιγίς
459 2827 573 2892 Aescb.
608 2826 690 2910 Sept.
721 2825 796 2891 699.
820 2812 993 2915 χροσαιγίς
1018 2827 1159 2913 Bacchyl.
1188 2825 1239 2890 llr.
1263 2826 1342 2890 XX.

110 2999 113 3008 ,
235 2933 307 3014 (nec
336 2930 472 2994 correxit
500 2930 678 2996 Sebaelerus
705 2932 742 2994 ad
763 2930 852 2994 Dion.
883 2952 912 3014 p.
934 2927 1027 3015 400.)
1055 2928 1229 3015 cocomario
1252 2927 1342 2992 Pind.

210 3020 213 3029 .
237 3031 285 3098 01.
312 3031 395 3098 XIII.
426 3029 500 3098 100.
523 3031 657 3116 aliaque,
688 3054 763 3116 quae
786 3032 959 3098 Siebelisius
988 3033 1025 3096 ad
1042 3033 1136 3118 J’aus.
1159 3032 1184 3094 1.
1209 3049 1238 3116 p.
1261 3029 1346 3098 256.

234 3134 330 3221 perite
352 3135 499 3198 emendat.
557 3134 615 3198 Sed
642 3136 737 3198 multo
772 3136 891 3220 saepius
921 3146 1028 3199 contra
1059 3134 1185 3198 alteram
1214 3133 1344 3218 regulae

234 3249 349 3324 portem
378 3225 532 3324 peccatum
568 3247 632 3314 est,
662 3234 881 3324 α’λικρηπῐδος
909 3233 1056 3326 α’ρούρης
1083 3235 1185 3302 Noun.
1212 3233 1343 3300 1.289.

233 3338 450 3427 πολοψηφῑιλι
469 3330 630 3429 θαλάσσῃ
650 3339 814 3408 Naumacb.
839 3341 960 3406 Proecc.
986 3339 1075 3425 Conj.
1099 3360 1130 3404 v.
1141 3335 1194 3402 60.
1219 3348 1345 3402 etcum

233 3443 407 3510 masculinis
429 3441 657 3530 πολοψηφῖιλα
685 3439 765 3533 παρ’
784 3440 918 3530 Ἑρμοα
938 3441 1032 3507 Antb.
1065 3440 1128 3504 Pal.
1153 3439 1238 3504 XIV.
1263 3439 1344 3505 112.

234 3558 267 3612 et
295 3546 413 3632 saepius
443 3545 476 3610 in
506 3544 561 3610 bac
589 3544 722 3610 clausula
749 3567 781 3611 v.
806 3545 980 3610 Schneider.
1005 3544 1042 3608 ad
1064 3542 1141 3606 Plat.
1163 3545 1232 3608 Cir.
1257 3544 1346 3609 Vlll.

117 3663 123 3673 '
235 3647 310 3715 566.
342 3649 379 3712 C.
410 3648 456 3736 epi
488 3646 718 3734 perempertus
744 3648 817 3734 (sic)
843 3647 988 3712 Artemii.
1022 3647 1074 3714 IV.
1102 3646 1158 3725 03,
1180 3645 1255 3712 378.
1279 3645 1346 3714 οόν

233 3749 472 3839 μοιοαρηπϊιλα
494 3750 627 3834 pluribus
649 3751 743 3829 locis,
778 3771 850 3836 quos
871 3750 1026 3815 Iacobsius
1052 3750 1165 3815 indicat
1185 3751 1224 3814 au
1244 3749 1344 3814 Anu.

234 3853 320 3918 Plan.
347 3853 386 3919 N.
417 3852 496 3920 127..
524 3875 554 3938 p.
578 3850 653 3918 854.
685 3843 812 3938 denique
846 3853 879 3918 in
905 3853 976 3936 ipsis
1007 3852 1128 3916 Homeri
1160 3852 1345 3916 carminibus

233 3955 373 4020 nonnulli
400 3953 612 4042 femininorum
642 3955 773 4041 epitheta
801 3953 948 4041 ἐῢιιληΐο,
978 3934 1186 4040 πολιιληὶ8ι,
1215 3952 1344 4022 ἒῧπλο-

232 4056 395 4144 ααμῖιλες,
419 4059 607 4144 scripserunt
637 4069 794 4144 propterea
827 4059 903 4143 quob
932 4055 1127 4122 Grammatici
1149 4057 1267 4141 quidam
1289 4058 1342 4121 ad·

125 4187 129 4198 ¹
232 4163 359 4250 jectiva,
383 4181 458 4247 quac
481 4171 655 4228 constanter
675 4161 871 4228 substantivis
892 4158 1029 4258 feminini
1050 4159 1173 4244 generis
1197 4159 1342 4244 adjuncta
1454 4183 1462 4194 ·
