2944 4888
1187 379 1228 430 lx

114 555 147 620 at
172 541 328 642 amplios
357 535 474 616 secala
498 533 651 615 nitendo
682 547 941 637 superassem
962 537 1162 644 millierqnc
1185 553 1223 618 et

113 717 208 792 veris
234 705 558 790 reditnmteosdem
581 705 690 784 liores
714 706 927 784 referentem
960 719 1012 784 ct·
1026 719 1225 818 ceterarum

112 911 234 962 rernm
268 891 376 956 statne
407 879 504 956 vices
544 873 815 980 aequabilesque
849 878 1083 959 comnena
1115 909 1223 986 qnnm

112 1053 300 1148 vidissent,
329 1060 404 1126 tnm
428 1072 514 1124 vero
538 1047 624 1124 lassi
647 1048 829 1148 satmiqne
848 1074 869 1124 e
888 1050 960 1124 nite
985 1051 1037 1126 sic
1055 1060 1224 1154 tanqua·

113 1252 133 1300 a
164 1223 334 1300 convivio
367 1218 608 1296 discedebant.
670 1221 905 1320 Posteaquam
936 1244 1021 1298 vcro
1055 1221 1116 1300 illa
1149 1225 1222 1328 pri.

113 1391 298 1470 mordialis
323 1403 455 1490 motus,
483 1417 555 1494 qno
580 1386 732 1468 mandas
758 1339 810 1462 abx
828 1385 933 1490 bajus
955 1359 1112 1468 nniacrri
1136 1419 1222 1472 con·

116 1562 232 1640 ditorc
255 1565 422 1638 incitatur
453 1571 528 1655 est,
569 1557 749 1662 paullatim
779 1559 915 1636 remisit
956 1557 1074 1660 diique
1105 1587 1223 1642 rernm

117 1733 349 1810 bnmrnarnm
375 1731 595 1808 ordinatores
623 1731 664 1806 in
688 1727 780 1804 cccli
810 1753 850 1804 se
874 1742 1085 1830 receperunt
1115 1759 1223 1834 pene.

116 1904 241 2000 moa,
268 1904 431 2003 protinus
456 1903 574 1978 omnia
597 1900 848 2002 languescere,
875 1895 1102 2018 decrescere,
1125 1907 1223 2006 paria

114 2101 186 2178 qne
211 2097 338 2176 gressu
361 2074 454 2148 sitae
477 2069 651 2146 hnmanae
683 2070 796 2170 spatia
827 2069 988 2146 contrahi
1013 2087 1214 2174 coeperant.

115 2239 283 2340 Quodsi
310 2239 438 2342 vulgus
469 2239 653 2316 bominum
685 2239 871 2339 luxisset,.
896 2267 1045 2343 quornm
1076 2246 1152 2322 vita
1186 2249 1224 2322 e't

115 2435 215 2488 mors
235 2409 338 2511 juxta
362 2411 584 2509 aestimatur,
616 2410 780 2488 bercnlcs
805 2435 889 2486 cora
915 2409 1011 2486 nulla
1036 2427 1130 2512 arnt,
1158 2413 1224 2492 sed

115 2580 299 2658 moerebat
331 2582 485 2682 optimus
525 2583 673 2684 quisque
709 2593 745 2657 et
782 2590 864 2656 ante
903 2591 1042 2656 ceteros
1077 2583 1125 2679 ii,
1161 2587 1223 2685 qui

117 2755 279 2830 aversio
310 2752 402 2826 lncri
433 2750 620 2852 cupidine,
655 2753 828 2826 immunes
852 2749 1074 2846 ambitionis,
1098 2753 1224 2828 intacti

117 2918 357 3020 voluptatibus
381 2947 421 2996 aa
445 2932 541 2996 totos
573 2921 612 2994 in
642 2922 718 2998 veri
750 2921 943 3022 querendi
972 2919 1128 2996 stndimn
1160 2920 1221 2998 ab·

119 3088 304 3187 didissent,
332 3088 398 3164 bns
423 3101 516 3168 artes
542 3101 578 3164 et
603 3088 795 3189 doctrinas,
824 3117 912 3194 ques
936 3110 1031 3166 nnnc
1057 3089 1221 3190 eclimus,

118 3261 220 3361 qnasi
244 3258 394 3361 gradum
418 3257 595 3360 quendam
620 3287 698 3336 esse
728 3263 796 3336 rati
828 3259 873 3334 ad
896 3273 1016 3342 rernm
1042 3259 1222 3339 sublimio

116 3456 197 3504 rnm
228 3428 515 3530 intelligentiam,
560 3443 709 3532 qnarnm
739 3399 1016 3532 magnitudinem
1048 3433 1224 3506 neminem
1272 3535 1273 3541 η

117 3601 299 3699 percipere
324 3622 430 3698 posse
454 3600 524 3674 nisi
549 3601 625 3701 qni,
654 3599 770 3700 quoad
783 3603 931 3700 viveret,
958 3601 1114 3676 enimam
1135 3601 1222 3676 assi

119 3766 188 3844 dna
216 3767 444 3846 meditatione
474 3771 542 3846 rite
575 3781 830 3869 praeparasset.
891 3771 942 3846 lli
973 3769 1085 3870 igitar
1114 3795 1222 3870 quum

119 3937 281 4016 viderent
304 3949 388 4038 post
411 3955 514 4014 sunm
545 3935 681 4016 obitam
714 3963 905 4041 coramque
937 3937 1146 4041 quibuscum
1170 3939 1222 4012 ai·

116 4109 272 4206 iissent,
310 4105 473 4218 Ιιίιοιιιιιι
497 4133 642 4184 suornm
668 4108 822 4184 fructum
846 4111 1119 4210 memoriamque
1144 4108 1223 4184 foro

117 4277 273 4376 nnllam,
301 4301 492 4380 semmqnc
515 4278 699 4354 interium
724 4303 814 4406 quse
838 4301 958 4356 sacam
982 4287 1064 4354 nata
1088 4283 1221 4370 essent,
