2940 4894
334 67 350 98 Ι

311 297 367 363 nn
394 291 561 364 nourr.
589 293 761 387 noros.
794 293 831 360 c.
852 293 899 360 rr.
923 297 952 382 p.
974 294 1007 362 s.
1153 297 1223 368 rot

107 581 187 648 verbi
208 581 260 644 for
393 587 501 661 tracta,
524 587 559 642 nt
574 573 767 664 πληπαθής,
789 589 821 644 et
842 578 964 642 nomine
987 579 1064 663 quod
1084 579 1223 646 nonnulli

105 683 234 768 Neptuni
261 683 325 768 epit
365 691 397 744 to
420 675 618 754 Ἐκαοσίδας
642 681 805 766 subjiciunt
828 703 861 745 v.
888 681 926 744 nd
949 681 1000 767 Α).
1026 703 1057 766 ρ.
1080 677 1156 746 389.
1173 681 1224 768 ²⁹)

105 797 153 850 aut
181 807 238 870 pro
270 776 407 871 ταὴπης
435 783 580 866 scriptum
612 793 678 858 est,
719 804 776 868 quo
806 783 885 847 idern
914 783 1011 848 utitur
1038 779 1223 870 Ἑατομούς

103 879 232 974 opticen
262 889 343 970 (non
370 879 527 972 cpcspup'g).
577 883 714 948 Tertium
742 881 870 971 πύπης,
903 887 985 970 ,quod
1011 884 1222 970 Theognostus

67 1002 69 1006 ’
105 991 201 1056 liram.
234 989 277 1054 ll.
309 988 371 1064 24,
400 987 454 1054 30.
485 1007 553 1052 cum
582 987 684 1050 multis
715 987 782 1052 eliis
812 987 955 1074 Hesycbii
983 986 1092 1073 glossis
1120 989 1159 1052 ad
1188 1009 1222 1054 se

103 1092 278 1168 transtulit,
314 1086 574 1176 aeduensium
601 1109 695 1176 prope
722 1091 807 1156 abest
833 1101 868 1160 nt
892 1091 1037 1154 momenti
1063 1111 1222 1175 perparum

109 500 165 544 non
191 470 392 745 magt*
415 475 520 564 Etym.
536 473 593 540 bl.
621 473 777 565 *Alterum
805 474 1002 560 compositum
1032 475 1153 542 videtur
1180 497 1224 544 cx

103 1194 223 1274 πλατο),
253 1186 391 1280 crinem
411 1203 513 1260 antem
535 1203 567 1258 et
588 1191 658 1259 huic
679 1192 789 1258 similia
809 1191 969 1278 κλέπτης,
991 1189 1135 1280 ideone,
1154 1185 1223 1281 βοί-

101 1320 201 1382 πτης,
230 1289 386 1384 Macer,
418 1318 479 1365 non
501 1317 520 1360 a
540 1295 750 1380 praesentibus
776 1295 896 1362 usitatis
918 1294 1007 1358 ducta
1033 1296 1087 1360 sed
1113 1297 1222 1362 tertiae

103 1401 228 1485 perfecti
250 1400 370 1484 passivi
391 1399 525 1484 figurae,
555 1407 589 1462 ut
609 1397 643 1462 ir'r
664 1396 776 1463 sobolis
798 1397 925 1472 dicitur,
957 1407 1058 1481 aptata
1079 1418 1148 1462 esse
1170 1400 1222 1464 do·

103 1511 275 1568 contentum
296 1503 444 1588 praebent
461 1490 625 1587 οφολκπης,
644 1496 823 1586 κατόπτης,
841 1498 970 1589 biceps,
986 1493 1129 1586 λήππης,
1144 1495 1223 1587 γλύ-

103 1627 195 1690 ποης.
239 1603 375 1692 Γέρδης
401 1603 523 1691 (cerdo,
548 1603 686 1687 gordius)
714 1603 863 1668 aeolicum
886 1623 954 1668 esse
975 1603 1012 1666 ab
1034 1601 1118 1690 ἔρδω
1142 1602 1222 1668 deri·

101 1717 199 1770 ratum
223 1707 334 1772 Guicti
355 1717 403 1770 est
423 1704 562 1772 ariolatio
583 1706 621 1770 ad
642 1705 775 1791 Hesycb.
800 1727 828 1770 s.
846 1703 996 1791 Γέρδιος.
1029 1705 1083 1770 llis
1104 1705 1132 1770 si
1154 1703 1221 1789 quis

103 1801 248 1895 α’ρτύαης
271 1793 422 1874 addiderit
442 1817 475 1872 et
495 1802 663 1894 εὐθύνης,
686 1829 812 1892 quorum
833 1808 943 1872 notitia
964 1807 1130 1884 celebrior,
1155 1807 1221 1872 iere
1254 1789 1260 1804 ’

104 1920 192 1974 utura
216 1911 314 1997 hujus
336 1909 428 1976 exilis
450 1909 573 1995 generis
593 1910 737 1974 ambitum
759 1931 900 1981 emensus
922 1911 993 1976 erit.
1031 1909 1222 1996 Plebejorum

104 2014 255 2078 nominum
282 2011 422 2093 doario,
446 2012 559 2102 poyeio
581 2024 612 2078 et
632 2012 789 2090 similium,
812 2014 849 2078 de
871 2014 977 2100 quibus
998 2012 1058 2078 alio
1080 2011 1147 2077 loco
1169 2011 1222 2076 de·

105 2113 160 2181 dita
180 2137 280 2200 opere
301 2115 510 2191 disseruimus,
535 2113 618 2180 nulla
640 2116 688 2180 bic
711 2115 846 2180 ducenda
866 2101 957 2180 ratio.
988 2114 1124 2180 Alterius
1145 2135 1221 2180 vcro

106 2218 241 2299 generis,
275 2239 336 2302 quo
359 2218 554 2282 continentur
577 2211 713 2282 verbalia
733 2217 884 2282 secundae
906 2217 1134 2305 declinationis,
1164 2237 1221 2282 ex·

108 2320 197 2403 ampla
218 2322 347 2386 minine
368 2319 457 2384 dubia
478 2329 603 2397 estam,
628 2313 727 2407 αἰγός,
750 2310 869 2408 οἷρχός,
897 2317 1039 2401 eleccio,
1066 2311 1220 2408 ἄρεσκος,

106 2415 240 2508 docaria,
262 2415 355 2503 ἐδός,
378 2413 484 2510 eapte
499 2425 556 2505 ³⁰),
579 2415 693 2510 φειδός
714 2418 840 2509 (ψιλός)
864 2433 925 2524 eto.
963 2422 1029 2502 Quo
1050 2422 1083 2486 in
1106 2443 1220 2506 genero

37 2539 39 2544 ’
108 2522 131 2584 si
150 2523 267 2592 labialis
290 2525 475 2602 intervenit,
505 2545 594 2608 saepe
617 2524 729 2609 duplepr
749 2535 785 2588 ut
805 2524 838 2588 in
859 2523 963 2590 latinis
980 2524 1082 2610 jugis,
1106 2524 1219 2601 scobis,

108 2627 232 2704 sactis,
257 2627 379 2704 trabes,
403 2625 540 2692 Polluces
555 2629 619 2705 ³¹),
642 2628 763 2712 plebes,
786 2627 938 2712 reperitur
958 2628 1072 2704 forma,
1098 2619 1221 2712 upoyrir

109 2737 137 2789 et
154 2721 253 2816 προῖξ,
280 2727 435 2819 ἅρπαγος
456 2739 488 2794 et
508 2724 620 2816 ἅρπαξ
635 2732 697 2812 ³²),
723 2727 844 2804 atoma
865 2739 897 2794 et
917 2727 1018 2813 diod,
1042 2725 1221 2816 μαλμαπος

169 2899 214 2967 20)
233 2897 781 2972 ΜελανᾶγησΝἰορρ1.ΒΙοιοπι.Ραοαρλιο.
802 2918 828 2970 p.
848 2899 909 2963 407,
928 2899 954 2956 7.
975 2901 1015 2954 ed.
1034 2901 1127 2956 Bernb.
1147 2917 1173 2972 p.
1191 2903 1217 2956 l.

110 2980 196 3050 Spobn.
216 3003 306 3055 neque
322 2986 455 3040 delendam
473 2989 634 3054 pertinacius
652 3005 735 3056 neque
753 2989 888 3041 damnabo.
1039 2999 1042 3008 ·

170 3071 215 3141 30)
234 3069 328 3142 Φᾰγοο
345 3074 471 3126 scribitur
487 3075 615 3142 Epiphan.
634 3091 657 3127 c.
673 3075 751 3128 llaec.
765 3075 797 3127 L.
814 3075 834 3128 1.
851 3074 883 3128 Τ.
899 3073 930 3128 ll.
951 3071 1011 3126 ¹4³.
1026 3073 1054 3126 li.
1075 3075 1107 3126 de
1124 3089 1174 3142 quo
1193 3075 1219 3126 in

110 3154 186 3210 alieno
203 3143 370 3224 ioro'litigut
386 3157 549 3213 Fritzscbius
566 3161 630 3214 Idne.
650 3161 694 3214 lll.
715 3163 748 3214 ed
764 3160 844 3216 Marc.
864 3177 889 3229 p.
909 3159 970 3214 700.
991 3167 1115 3216 accentus
1132 3161 1219 3214 diver·

111 3240 206 3297 sieten
223 3247 357 3314 explicare
376 3247 493 3298 onnus.
520 3239 615 3316 Φοίγοο
631 3249 761 3314 epitheton
779 3248 935 3300 ricemeris
952 3247 1144 3300 substantivum
1162 3263 1219 3300 essa

111 3331 211 3394 notuit,
231 3326 320 3404 φαρόα
337 3331 510 3396 adjectivum,
529 3332 620 3400 hisque
639 3341 770 3402 comparat
786 3323 873 3400 τόμος
890 3339 917 3384 et
933 3329 1032 3399 eapte,
1053 3349 1120 3400 qnae
1138 3334 1219 3400 pluri·

110 3425 172 3466 nun
189 3418 300 3470 distant.
337 3416 492 3488 ilaryonis,
519 3433 584 3484 queo
608 3419 641 3468 ad
657 3419 755 3488 Pbryo.
777 3419 837 3471 438.
852 3419 954 3480 attuli,
982 3417 1082 3470 accedit
1105 3411 1222 3473 uldoeri

112 3499 195 3556 αἴθων
210 3505 301 3572 Etym.
321 3503 355 3556 Μ.
376 3513 403 3556 ct
420 3500 507 3576 φῶνοο
523 3499 540 3559 ri
558 3499 747 3574 μεγαλόφωνος
765 3503 921 3569 Theognost.
942 3501 1029 3555 Crem·
1048 3503 1082 3558 ll.
1102 3503 1144 3556 00.
1171 3501 1220 3554 Fe·

111 3585 201 3642 niniae
218 3591 445 3643 subtunivorurn
462 3603 569 3642 munere
583 3587 731 3654 iunguntur
750 3583 843 3660 ἅρπη,
866 3586 982 3657 βδέλλα,
1004 3591 1101 3655 netgo,
1124 3589 1220 3654 οπλζα,

113 3660 214 3741 lovon
230 3667 334 3744 uocilp
351 3677 412 3728 llus.
432 3677 535 3744 proprie
553 3677 698 3731 boustrunt·

174 3761 218 3828 31)
237 3762 338 3815 Trabes
351 3763 462 3816 tortasse
476 3779 509 3816 ex
522 3777 614 3828 wasco
626 3758 743 3832 τράφηξ,
754 3759 872 3814 Polluces
885 3777 918 3814 ex
929 3747 1113 3828 Πολολεῦκηο.
1132 3759 1218 3814 Scbol.
1253 3778 1257 3786 ·

115 3838 191 3907 Apoll.
208 3847 229 3901 1.
249 3847 326 3901 1⁰37.
356 3842 522 3915 Holodoimpc
539 3845 647 3918 λέγεται
664 3841 682 3899 o‘
698 3845 772 3899 πάνυ
787 3843 897 3916 γλυκύς,
916 3853 947 3897 ut
964 3845 1047 3896 dulcis
1065 3861 1111 3913 pro
1128 3843 1221 3915 γλυκύς
1254 3873 1256 3876 ·

116 3925 189 3982 clusis
205 3934 323 3985 adbibita
338 3934 476 3985 metathesi
494 3949 520 3984 v.
537 3929 609 3984 Fest.
630 3948 652 3984 s.
673 3931 853 3984 Oducidatum.
882 3929 983 3987 Asinos
999 3945 1046 3998 pro
1063 3927 1172 4003 γλεῦκος
1190 3939 1222 3984 ut

117 4009 211 4078 dedico,
230 4019 333 4086 deliqno
351 4027 401 4072 etc.
421 4035 449 4071 v.
467 4018 639 4072 Valckenacr.
660 4019 691 4070 de
709 4015 772 4070 Urb.
792 4017 856 4070 Cad.
876 4017 900 4086 ξ.
922 4015 963 4082 17.

80 4089 87 4100 ’
109 4105 112 4116 ”
178 4101 222 4171 32)
237 4103 372 4172 Harpagus
390 4119 481 4160 nonen
498 4107 629 4173 proprium
646 4111 702 4166 est,
721 4103 789 4172 opud
806 4102 914 4155 Latinos
932 4103 998 4164 viri,
1021 4101 1089 4171 apud
1107 4101 1221 4156 Graecos

120 4184 174 4251 equi
190 4188 328 4246 Stesichor.
348 4189 394 4246 Fr.
412 4191 434 4246 1.
454 4199 482 4246 et
498 4189 656 4260 adjectivum
673 4192 701 4246 in
718 4189 805 4244 schot.
824 4188 907 4244 brist.
927 4189 999 4246 Plut.
1019 4188 1080 4245 700.
