2944 4888
319 363 376 434 un
410 325 603 426 ronaco.
638 336 837 424 airinom.
869 359 899 442 §-
927 357 978 422 ω,
1160 361 1208 426 55

599 539 627 621 ς.
655 537 707 602 ιι.

183 675 234 738 llis
264 674 355 739 rebus
392 673 588 737 consideratis
623 673 802 758 intelligitur
837 671 1020 756 quarundam
1052 670 1207 738 literarum

112 774 338 844 commissionem
361 777 397 838 ab
421 777 557 838 omnibus
579 776 745 858 aequaliter
766 775 886 859 respui,
909 773 984 838 alias
1006 774 1122 839 admitti
1144 777 1207 860 qui·

113 884 165 944 lem
191 881 243 944 sed
275 854 347 942 raro
368 887 413 945 et
439 877 469 940 in
492 876 646 944 vocabulis
677 877 807 960 antiquis
836 887 889 939 aut
915 896 1040 959 peregre
1063 879 1206 962 arreptis,

113 994 137 1045 et
155 1002 237 1065 saepe
261 981 424 1064 etiamqusu
438 979 573 1052 venisse,
596 979 721 1045 utilem
745 1000 837 1042 sonus
859 979 945 1040 modo
968 977 1133 1042 ollenderet
1155 1001 1208 1043 au·

111 1106 162 1158 res,
193 1083 279 1149 modo
304 1081 389 1144 velut
411 1081 590 1144 hebescente
611 1081 703 1144 animi
724 1081 789 1143 aoie
812 1081 877 1144 siue
899 1101 990 1144 sensu
1013 1082 1205 1165 praeteriret,

110 1185 165 1258 illas
185 1194 285 1254 autem
307 1184 450 1267 regulas,
487 1205 559 1266 quas
582 1204 637 1246 nos
659 1185 691 1246 in
714 1167 951 1244 conformatione
974 1193 1004 1245 et
1026 1183 1057 1244 in
1081 1184 1208 1248 colloca-

111 1287 180 1348 tione
205 1285 423 1349 voeabulorum
453 1285 537 1368 sequi
560 1285 709 1358 solemus,
741 1283 963 1346 aGraeeorum
995 1287 1209 1350 consuetudine

111 1387 268 1450 abhorrere.
326 1387 419 1472 Cujus
448 1387 495 1450 rei
530 1368 720 1449 inunemore's
749 1387 853 1462 multi,
892 1389 960 1472 quil
989 1389 1074 1451 dulce
1107 1399 1206 1464 sonet,

112 1487 166 1570 quid
186 1510 292 1578 secus?
319 1489 409 1554 eitius
433 1465 519 1572 quam
543 1489 759 1552 consideratius
781 1491 980 1572 pronunciare
1002 1490 1111 1554 solent.
1146 1488 1204 1552 Ex-

114 1591 186 1673 empli
208 1612 299 1654 eausa
328 1591 360 1652 in
382 1589 507 1652 Lueiani
534 1587 722 1653 Eno.·l)em.
746 1592 776 1676 ξ.
801 1591 834 1654 4.
859 1592 992 1656 Reitzius
1023 1589 1208 1678 Δημοσθέ-

113 1716 162 1776 νης
181 1690 336 1777 σμικρόν
349 1693 488 1754 substitui
513 1687 599 1776 jubet
619 1688 743 1778 prinpio
773 1694 943 1778 euphoniae
961 1696 1090 1776 gratio,
1125 1705 1156 1756 et
1176 1694 1208 1756 in

113 1793 175 1858 Plat.
197 1795 349 1859 Phaedon.
377 1817 406 1878 p.
430 1793 484 1858 llll.
508 1797 545 1857 A.
581 1795 768 1860 Heindorfius
783 1785 918 1882 topolpo
930 1792 1053 1883 μικρόν
1076 1797 1208 1883 praelert

113 1895 217 1980 vulgato
240 1891 387 1984 σμικρόν
410 1897 447 1958 ob
463 1897 665 1980 euphoniam,
689 1899 752 1961 suis
775 1909 918 1984 uterque,
943 1922 1003 1963 non
1024 1899 1207 1963 Graecorum

113 2001 217 2064 auribus
248 2021 336 2064 usus.
391 1997 455 2061 Nee
479 1999 592 2082 justior
626 2001 679 2064 illa
709 2001 822 2064 Osunni
851 2003 887 2066 ad
918 2001 1042 2066 Philem.
1073 2025 1102 2086 p.
1132 1999 1207 2068 251.

113 2102 217 2182 querela
239 2105 275 2166 de
300 2099 464 2167 Hermanni
489 2103 677 2166 correctione
707 2103 796 2186 Soph.
827 2102 876 2190 nj.
908 2103 982 2168 384.
1018 2101 1126 2190 ἴδοιμί
1152 2127 1208 2170 νιν

113 2203 182 2284 νῦν,
203 2225 272 2268 nam
297 2214 330 2266 et
352 2203 407 2293 hop
430 2205 505 2285 apud
527 2216 647 2268 veteres
670 2205 781 2286 legitur
803 2215 834 2268 et
855 2207 963 2271 similia
986 2206 1097 2282 multa,
1126 2205 1208 2294 πρίν

114 2329 179 2387 μιν,
204 2307 270 2392 μέν
303 2329 367 2391 μιν
395 2305 480 2368 Aret.
513 2303 585 2369 160.
622 2301 667 2390 ἤν
688 2300 762 2394 γ’ἦν
789 2307 883 2372 Arist.
909 2313 987 2375 Avv.
1012 2311 1107 2375 1543.
1137 2314 1209 2388 πῶς

114 2421 181 2481 παῖς
200 2409 286 2472 Bion.
313 2407 383 2470 XV.
410 2405 441 2470 7.
468 2403 510 2480 οἷς
532 2407 618 2494 γνῷς
640 2409 768 2492 llleleng.
791 2409 845 2492 Ep.
870 2411 979 2486 XLVl.
1025 2413 1136 2478 Similis
1160 2438 1208 2480 er-

115 2530 156 2570 ror
175 2511 251 2574 eirea
273 2510 538 2590 homoeoteleuta,
570 2531 644 2592 qnae
672 2531 758 2594 quam
789 2512 892 2594 cupide
914 2534 931 2575 a
955 2513 1076 2578 Critiois
1105 2519 1208 2602 exagi-

116 2621 178 2686 tata,
212 2635 302 2696 quam
330 2633 417 2695 saepe
446 2631 464 2673 a
494 2613 647 2676 veteribus
669 2613 797 2677 admissa
826 2615 904 2688 siut,
935 2615 1061 2698 exposui
1093 2619 1130 2680 ad
1156 2619 1206 2703 Aj.

116 2717 299 2800 compluribus
321 2715 413 2791 loeis,
442 2713 636 2798 Tragieorum
659 2715 844 2799 potissimum
867 2715 1012 2800 exemplis
1038 2739 1120 2787 usus.
1152 2721 1209 2784 Sed

115 2820 295 2900 reperiuntur
316 2818 392 2902 apud
411 2817 551 2900 quosvis3
575 2813 662 2904 ἐπήν
679 2813 816 2905 πρότην
833 2813 940 2904 οἶκτόν
964 2811 1106 2908 Ἰδοῖκης
1128 2819 1211 2909 uispi-

116 2940 180 3007 κηαι
199 2921 252 2985 ot.
280 2923 354 2986 XV.
379 2921 444 3004 56.
458 2921 507 2984 ubi
530 2922 632 2984 eadem
654 2921 767 2984 vocalis
790 2921 946 3006 quinquies
962 2921 1110 2999 iteratur,
1140 2948 1210 3010 qua-

118 3028 155 3082 ter
178 3023 207 3086 in
228 3025 302 3090 Hes.
329 3025 441 3110 Theog.
474 3021 548 3089 921.
585 3015 816 3110 λοισθοτάτην
838 3019 950 3110 Ἥρην
979 3019 1149 3114 θαλερόν,
1181 3041 1220 3112 et¹¹

119 3121 215 3188 similes
245 3129 348 3192 exitus
381 3129 469 3192 alibi:
501 3118 676 3200 παθόντες
709 3125 817 3200 κακῶς
848 3127 970 3202 ἱκανῶς
998 3126 1060 3194 οὐκ
1091 3130 1211 3204 ἐνδεῶς

117 3218 278 3306 ἠμύναντο
310 3231 385 3304 Plat.
416 3229 645 3299 Μτοοκ.,244.
678 3229 712 3296 Β.
744 3249 819 3312 quae
849 3229 1065 3314 sigmatismum
1095 3233 1210 3296 notabi-

119 3319 165 3388 lem
185 3331 346 3409 exhibent3
382 3327 538 3418 οἶδελφῶν
566 3331 667 3415 τριιόν
690 3328 912 3416 ὁμομητρίων
934 3328 1122 3420 ἐπικλήρων
1154 3359 1211 3400 κα·

119 3429 350 3518 retorquemur
383 3435 485 3498 lsaens
515 3434 551 3497 de
574 3433 647 3496 Her.
678 3433 741 3495 Cir.
775 3455 804 3516 p.
828 3433 904 3498 224.
938 3437 973 3498 ἐκ
995 3448 1071 3500 τοῖν
1098 3429 1211 3520 λόγοιν

120 3542 181 3594 τοῖν
207 3532 347 3623 όνδροῖν
376 3535 548 3622 ἑκατέροιν
584 3549 660 3601 τοῖν
689 3535 983 3619 βασανισθέντων
1021 3537 1143 3620 Autiph.
1176 3541 1212 3600 de

122 3635 189 3696 caet.
214 3638 284 3702 Her.
316 3661 346 3722 p.
376 3636 451 3703 728.
475 3636 544 3704 τών
572 3641 640 3724 μὲν
669 3632 822 3703 οἷκόντων
851 3633 1114 3710 ὑπακουόντων,
1143 3639 1212 3706 τῶν

123 3729 150 3795 δὲ
169 3732 308 3808 ἑκόντων
329 3735 562 3826 προδιδόντων
584 3739 692 3826 Lysias
707 3739 841 3824 Epitaph·
868 3739 941 3816 193,
964 3739 1018 3806 24·
1032 3741 1077 3826 ⁶¹)
1104 3737 1213 3830 Ἀθη-

127 3883 316 3908 *Ἢ-

181 3975 221 4041 ll)
244 3980 271 4030 ln
288 3981 398 4033 Aristid.
428 3982 473 4034 Or.
502 3981 568 4032 Plut.
589 3980 620 4031 ll.
648 3977 706 4033 tet.
733 3994 778 4045 pro
795 3973 909 4034 ἑκόντων
925 3975 1137 4050 όπιρβαῖνοντοκ
1152 3982 1213 4033 Din-

127 4053 206 4110 dorfiue
222 4068 338 4118 restituit
355 4085 376 4118 e·
388 4069 459 4119 oodd.
480 4064 602 4130 ἑκόντοι,
627 4081 693 4133 quae
712 4073 753 4116 est
771 4065 886 4129 legitima
910 4069 1082 4118 constructio:
1109 4060 1216 4121 ἄκοντες

126 4132 306 4210 lusorium&
332 4153 399 4204 Plat.
427 4134 584 4253 Hippipqiin.
603 4153 663 4204 313.
683 4151 712 4201 G.
730 4143 857 4203 ’ἑκόντων
875 4147 1005 4203 διδόντων
1029 4151 1121 4202 Liban.
1140 4149 1212 4202 Deel.

129 4220 155 4272 Τ·
171 4227 188 4278 l·
206 4235 260 4287 587.
285 4235 399 4293 ἑκόντων
416 4235 595 4294 epulemur
612 4235 644 4290 Τ.
664 4237 706 4291 111.
726 4234 788 4292 ult.
812 4232 936 4291 α’κόντοιν
959 4229 1148 4291 όπακοοόντων
1165 4237 1214 4304 Ly·
