2944 4888
1189 370 1239 418 vu

124 555 225 603 nem.
281 523 378 600 llmc
402 520 449 597 cd
479 520 567 598 alias
597 525 899 600 inconvenientiae
930 527 1066 627 species
1097 553 1235 606 causus·

125 723 198 797 que
223 719 438 796 progressus
464 719 556 788 sum,
584 719 673 794 quos
692 694 863 770 Teohnici
887 695 1090 772 nominihus
1114 702 1235 798 variis,
1369 666 1371 690 Ι

125 865 358 963 anadromce,
384 863 626 964 metaplasmi,
660 861 903 942 lrctcroclisice
936 877 972 940 et
995 865 1238 970 heterongioe

128 1039 274 1138 signare
299 1033 429 1110 solent.
483 1031 543 1108 Ad
567 1031 632 1108 has
664 1043 715 1108 et.
732 1033 863 1110 similes
895 1035 1150 1138 disputationes
1184 1040 1237 1114 in·

129 1215 273 1306 sperata
297 1201 404 1278 uobis
430 1201 586 1278 subsidio
610 1161 727 1278 attulit
744 1219 936 1303 'praesens'
950 1217 1068 1300 aetas,
1088 1234 1173 1310 'qua
1205 1217 1240 1282 ct

51 1479 56 1493 Ι
130 1399 346 1478 graecorum
372 1371 703 1471 Grammaticorum,
732 1375 795 1476 qui
820 1371 882 1448 din
907 1372 1131 1474 oblituerant,
1158 1375 1242 1452 libri

136 1544 340 1620 etenelrris
366 1546 457 1618 eruti
491 1555 527 1620 et
550 1545 706 1618 viromm
740 1543 1025 1620 doctissimorum
1057 1541 1104 1618 ad
1140 1545 1239 1620 colli·

136 1714 269 1818 gendas
295 1725 331 1790 et
353 1712 568 1789 ordinandas
593 1717 722 1793 veteris
748 1713 953 1815 disciplinae
978 1714 1145 1816 reliquias
1167 1725 1239 1788 stu·

133 1885 193 1958 dia
225 1907 398 1960 conversa
430 1895 513 1958 sunt
520 1913 532 1981 3
574 1909 727 1986 spesque
757 1911 833 1960 non
865 1883 973 1960 dubia
1004 1893 1060 1960 est
1094 1885 1188 1958 vium
1220 1909 1242 1960 a

133 2056 178 2130 C.
206 2057 251 2130 F.
280 2054 445 2149 llanlio,
479 2053 630 2132 Lelrrsio
664 2066 700 2134 et
730 2054 926 2132 Ritsohclio
957 2057 1079 2134 initam
1103 2055 1142 2128 in
1167 2053 1242 2130 dies

134 2223 369 2300 celebriorem
393 2224 485 2300 lore.
538 2224 666 2324 Neque
696 2236 815 2302 tamen
839 2255 897 2304 res
923 2254 966 2302 eo
990 2226 1177 2327 processit,
1203 2231 1245 2296 ut

134 2389 241 2469 nobis
268 2393 413 2496 gloriari
436 2394 541 2470 liceat
565 2395 664 2498 quod
683 2399 849 2500 Prolptae
873 2399 1008 2496 nostri,
1035 2403 1158 2502 τέχνης
1184 2387 1242 2477 ri·

137 2569 279 2671 ρῆσθαι
290 2571 456 2669 τέρματα
481 2567 584 2670 siccis
608 2571 721 2671 σαφῆ,
750 2567 814 2642 sed
840 2567 1081 2642 confitendum
1106 2567 1241 2664 potius,

137 2734 312 2837 quidquid
333 2735 604 2834 profecerimus,
630 2737 795 2838 pusillum
820 2736 933 2812 videri
963 2761 1048 2836 prae
1078 2757 1122 2810 eo
1148 2731 1245 2832 quod

138 2915 260 2982 restat.
313 2907 363 2980 Ut
387 2931 482 2980 nunc
508 2906 649 3008 quidem
664 2919 732 3006 est,
758 2935 935 3009 perpauca
955 2918 1038 2982 sunt
1057 2905 1242 3002 vocabula,

139 3102 291 3176 quorum
315 3073 516 3173 declinatio,
544 3073 671 3173 motio,
696 3078 884 3178 appellatio
909 3079 948 3152 in
972 3089 1098 3196 apertq
1121 3079 1167 3152 sit
1178 3102 1242 3177 po·

140 3247 229 3343 sic3
256 3247 422 3346 pauciora
447 3248 565 3343 etiam,
594 3273 744 3349 quorum
769 3247 980 3350 significatio
1001 3247 1144 3342 clareat,
1172 3273 1247 3320 non

140 3413 239 3494 illam
264 3415 366 3513 dico,
403 3443 492 3517 quae
521 3417 841 3520 cLexicographis
873 3417 1036 3515 traditur,
1063 3417 1244 3513 sedeam,

142 3610 240 3684 quoe,
256 3583 464 3688 plerumque
489 3588 588 3664 nullo
613 3599 674 3664 aut
696 3589 806 3664 latino
832 3599 892 3664 aut
915 3590 1117 3692 germanico
1142 3611 1246 3660 voca-

141 3753 229 3830 bulo
254 3757 402 3854 exprimi
425 3767 557 3857 potest,
585 3785 674 3859 quae
700 3784 782 3834 cum
806 3769 965 3858 tempore
985 3768 1021 3832 ct
1041 3757 1122 3832 loco
1135 3701 1247 3830 muta·

143 3933 201 3996 tur
225 3923 347 4000 Protei
376 3927 487 4000 instar
518 3925 576 4002 vel
606 3929 639 4002 si
671 3927 757 4030 quid
788 3932 902 4032 magis
933 3940 988 4006 est
1018 3927 1182 4004 versatile
1214 3937 1250 4002 et

144 4093 349 4170 volaticum.
402 4095 498 4172 Hinc
513 4095 594 4174 illae
614 4098 771 4174 infinitae
791 4100 1094 4200 interpretantium
1114 4097 1249 4174 dissen-

143 4266 279 4364 aiones,
307 4293 395 4366 qnos
419 4295 630 4372 progressus
653 4273 824 4371 temporis
850 4279 886 4346 et
911 4269 1018 4346 studii
1038 4295 1112 4346 non
1136 4266 1249 4344 immi·
