2940 4894
318 283 377 350 nl}
406 281 570 350 NOMIN.
600 281 772 350 MONOS.
804 284 841 350 C.
865 283 910 351 ll.
940 287 969 372 ἓ.
991 285 1024 354 3.
1166 287 1238 362 153

110 457 295 552 βαβιῖκτης
307 463 357 548 ²⁶)
380 475 415 528 ιιι
435 464 468 528 in
486 463 640 528 femininis
658 457 771 550 ἅρπαξ
777 461 988 550 -ιῖρπακτύς,
1012 487 1080 532 nam
1101 469 1155 533 illa
1173 480 1238 536 ter·

109 567 235 632 minatio
270 566 434 650 utriusque
464 567 586 650 generis
616 567 756 650 ambigua
785 576 844 630 est.
889 567 953 632 Neo
983 589 1054 634 raro
1083 572 1236 656 abrogatis

109 669 303 753 simplicibus
327 668 519 732 retinuerunt
540 669 722 752 composita,
753 667 889 756 διώρυξ,
913 663 1051 749 κατάιξ,
1074 669 1236 752 πολυᾶϊξ.

109 771 346 847 Consimiliter,
378 782 412 836 ut
432 771 506 834 illue
527 771 665 846 redeam,
696 771 729 834 in
751 772 848 836 altero
874 795 1014 838 sermone
1040 797 1095 859 pro
1118 798 1235 844 aureax

105 875 314 938 substitutum
336 884 384 938 est
406 874 490 958 origa
512 873 578 937 sive
600 873 724 958 auriga,
752 895 806 959 pro
828 875 964 940 scaturix
986 877 1155 963 scaturigo,
1183 901 1234 944 ou·

102 977 151 1061 jus
175 976 302 1040 vocalis
322 966 487 1060 penultima
509 995 570 1038 non
590 975 760 1039 adventicia
782 977 831 1040 est¹
854 989 887 1041 ut
906 979 938 1042 in
958 980 1058 1064 urigo,
1083 979 1232 1066 elaudigo,

104 1078 250 1162 surdigo,
279 1079 417 1164 lentigo,
441 1081 579 1162 farrago,
603 1076 759 1161 lombago,
782 1077 925 1164 lappago,
949 1082 1087 1168 salsugo,
1110 1105 1233 1168 asperu-

105 1203 157 1264 go,
181 1180 344 1266 mollugo,
368 1181 421 1244 sed
442 1180 474 1244 in
496 1181 589 1244 verbo
612 1178 786 1244 oontinetur
806 1181 857 1244 vel
878 1203 1028 1268 paragoge
1050 1196 1085 1248 ut
1104 1187 1234 1272 scalptu-

103 1283 186 1366 rigo,
218 1283 375 1368 esurigo,
405 1282 547 1367 prurigo,
577 1281 628 1344 vel
650 1280 801 1364 primitivo
824 1293 858 1347 ut
879 1283 1029 1367 subrogo,
1060 1289 1233 1354 terminatio

105 1397 204 1450 autem
229 1385 419 1471 paragogiea
441 1384 500 1448 diei
521 1393 621 1468 potest
641 1394 676 1448 ut
696 1383 857 1470 impetigo,
888 1387 992 1472 origo,
1021 1389 1157 1474 vertigo,
1185 1392 1233 1456 iu-

104 1477 235 1573 tertrigo
261 1481 540 1576 (παράτριμμα).
587 1486 645 1550 Set
671 1487 775 1552 addam
803 1487 935 1572 paullum
963 1489 1073 1574 aliquid
1100 1493 1136 1556 de
1163 1493 1231 1558 aliis

106 1592 393 1676 terminationibus.
438 1589 564 1654 Romani
592 1589 687 1674 igitur
716 1611 769 1674 pro
796 1589 899 1654 soram
925 1591 1098 1658 maluerunt
1126 1594 1231 1660 oniba

106 1693 226 1789 lisere,
263 1696 350 1782 quod
372 1692 496 1758 Graecis
524 1702 666 1776 negatum
689 1701 754 1769 est,
786 1713 883 1776 neque
905 1693 1034 1758 alterum
1059 1696 1230 1782 exemplum

104 1798 229 1880 praebet
259 1797 379 1860 latinus
402 1816 522 1873 sermo;
559 1814 629 1857 nam
650 1795 754 1881 perdo
777 1816 831 1879 pro
852 1796 986 1880 perditor
1008 1797 1171 1864 Salmasius
1194 1802 1232 1866 at

105 1883 238 1963 Trebell.
264 1899 379 1962 XXX.
402 1899 478 1984 Tyr.
503 1919 531 1961 o.
554 1895 666 1961 XVlll.
691 1917 764 1978 suo,
792 1908 826 1960 ut
847 1898 973 1976 dieitur,
996 1900 1094 1965 Marte
1117 1902 1230 1968 eonlln·

105 2000 162 2076 xit,
186 2023 299 2085 neque
318 2001 451 2086 apposite
469 2001 506 2064 ad
520 1999 610 2063 Treb.
628 1999 733 2064 Claud.
752 2021 780 2063 o.
794 1999 879 2065 XlV.
896 1999 971 2066 391.
996 2024 1074 2068 euro
1093 2007 1231 2090 eonem)

108 2098 262 2188 comparat
292 2098 456 2193 syutbetis'
471 2123 623 2178 ooaoeao,
652 2103 771 2178 incolo,
801 2101 1000 2188 qffiea'perdo,
1033 2127 1159 2191 qnorum
1182 2107 1231 2172 iu-

25 2190 26 2267 }
108 2226 180 2288 gens
203 2207 296 2292 eopia
320 2207 469 2292 suppetit:
504 2205 645 2281 conviva,
670 2202 811 2292 oonluga,
835 2205 1019 2292 heredipeta,
1042 2209 1228 2295 frugiperda,

101 2301 254 2386 bueaela,
279 2309 443 2395 parricida,
466 2307 613 2394 legirupa.
651 2309 727 2375 Tum
748 2309 780 2372 in
803 2331 841 2372 aas
862 2321 978 2374 exeunt
998 2331 1132 2394 promus,
1156 2333 1228 2378 oon·

110 2410 179 2488 los,
212 2433 353 2498 coquus,
382 2428 522 2496 mergus,
554 2433 660 2496 crepus
683 2421 714 2475 et
735 2411 911 2476 femininum
933 2412 1037 2490 traha,
1070 2435 1145 2498 quae
1170 2415 1230 2480 etsi

100 2512 198 2604 ¹vulgo
227 2537 287 2600 pro
318 2515 513 2596 substantivis
541 2514 747 2598 arripiuntur,
786 2503 886 2578 tamen
914 2515 988 2578 nibil
1017 2515 1097 2580 aliud
1124 2517 1229 2581 valent

25 2610 26 2619 ’
111 2628 195 2698 quam
217 2618 373 2704 adjectiva
395 2619 521 2694 suadus,
550 2617 650 2692 seius,
681 2637 806 2700 pareus,
833 2617 924 2682 vivus
947 2627 1006 2680 elo.
1038 2637 1134 2702 neque
1164 2620 1229 2682 exi-

112 2739 184 2800 guus
207 2733 258 2786 est
282 2722 511 2805 conjugatorum
532 2729 715 2804 proventus,
738 2719 903 2806 aquilejus,
926 2718 1109 2803 bustirapus,
1133 2721 1228 2806 oapri·

112 2821 246 2907 uulgus,
274 2823 480 2908 erurffragus,
503 2822 693 2906 dentilegos,
716 2822 907 2899 domitianus,
931 2822 1105 2904 iunirepus,
1129 2843 1227 2888 mero·

112 2922 211 3016 bibus,
244 2925 389 2992 vinibuus
417 2929 448 3006 (a
469 2925 548 3002 buo,
578 2925 658 2988 unde
680 2923 875 3009 compositum
903 2935 952 2989 est
978 2923 1097 3008 imbuo,
1128 2925 1228 2990 idest

112 3023 209 3092 bibere
231 3029 350 3112 facio),
379 3027 552 3113 'legirupus,
581 3025 759 3112 pilicrepus,
786 3027 1009 3104 sooiolraudus‚
1035 3025 1225 3104 testitrabus,

113 3129 308 3207 turicremas,
331 3130 494 3206 velivolus,
517 3129 684 3213 uiuiparos,
707 3151 867 3216 puerpera,
891 3131 1059 3206 nootssuoa,
1087 3141 1118 3194 et
1139 3151 1226 3215 para·

114 3233 275 3317 syntbeta:
307 3253 493 3317 consequus,
516 3233 687 3316 pronubus,
710 3233 851 3318 prodigus
875 3243 935 3298 eto.
960 3234 1066 3318 quibus
1087 3233 1226 3318 adjacent

113 3336 217 3414 partim
239 3337 431 3402 substantiva
451 3335 589 3418 perfuga,
612 3335 761 3420 lucifuga,
784 3336 938 3420 legirupa,
961 3337 1130 3418 bubsequa,
1157 3355 1226 3418 par·

114 3436 163 3499 tim
192 3439 382 3516 eommunia,
415 3458 490 3522 quae
514 3457 603 3520 supra
625 3437 772 3520 exposui,
803 3437 848 3501 sio
876 3448 910 3500 ut
937 3437 973 3500 ab
1002 3437 1106 3499 eodem
1131 3437 1224 3500 verbo
1316 3491 1319 3498 .

115 3557 199 3624 saepe
221 3542 337 3628 duplex
364 3541 481 3608 oriatur
501 3542 616 3608 forma:
656 3560 788 3624 praecox
812 3549 844 3604 et
865 3558 1069 3628 praecoquus,
1100 3536 1229 3624 ponifex=

117 3695 324 3718 ’ξι-...ιιι

179 3806 223 3872 26)
248 3807 351 3860 Jesalae
373 3807 501 3875 interpres
525 3819 633 3872 graecus
656 3819 713 3870 etp.
734 3805 782 3865 50,
805 3804 831 3856 9.
856 3797 903 3872 σήι
925 3789 1116 3871 καταφᾶγιτὰι
1138 3793 1225 3865 timis,

117 3883 206 3953 Aquilo
223 3889 269 3962 σὴι
285 3890 303 3960 ἢ
319 3891 434 3964 βρῶσις,
453 3909 499 3962 pro
517 3909 567 3960 quo
585 3887 726 3957 Prooopius'
741 3888 849 3961 βρῳτῆρ
867 3887 1019 3948 substituit,
1039 3887 1117 3944 siouti
1134 3885 1220 3939 boma«
1244 3881 1249 3886 '

119 3972 195 4028 rioum
210 3973 342 4034 Ὠκεανόν
358 3976 433 4036 θεῶν
449 3984 551 4050 γένεσιν
567 3987 671 4032 veteres
689 3979 895 4043 interpretantur
911 3977 1027 4041 γενέτην.

180 4080 225 4147 27)
241 4082 336 4148 Fugato
347 4081 481 4136 Columell.
496 4081 532 4134 X.
549 4083 607 4140 125.
625 4082 693 4150 quod
707 4096 754 4147 pro
767 4079 875 4145 fugitivi
889 4077 1029 4144 accipiunt,
1048 4077 1222 4152 Sobneillarus

121 4167 239 4222 connata
256 4184 316 4224 oum·
330 4183 424 4236 graooo
442 4165 475 4225 oi
488 4169 569 4242 popul
585 4183 631 4238 pro
648 4161 762 4240 φυγάδες
778 4165 861 4237 posito
880 4163 989 4219 eonfert.
