2940 4894
296 313 356 378 DE
385 304 552 379 ΝΟΜΙΝ.
582 309 753 378 MONOS.
786 311 908 381 0111.
937 313 968 398 ἕ.
992 313 1023 377 1.
1153 316 1221 388 tta

457 469 464 478 ’
515 488 771 585 ,οαοᾍιια

451 627 510 694 οο
543 627 870 714 metaplasmo.

625 791 654 874 §-
679 787 710 852 1.

180 907 319 973 P1imnm
340 906 440 970 locum
463 907 537 970 dabo
560 906 677 972 casibus
696 907 840 990 obliquis,
866 907 971 991 quibus
990 907 1219 994 qui'couventat

106 1010 307 1074 nominativus
330 1019 383 1073 aut
406 1029 444 1072 ne
467 1008 540 1093 fingi
562 1009 679 1092 quidem
705 1021 739 1074 ut
763 1003 871 1096 δορός,
900 1008 986 1090 οἶος,
1017 1007 1129 1098 cipedo,
1152 1042 1220 1084 πο..

104 1108 229 1200 λύαρνι,
252 1124 310 1176 aut
331 1135 393 1176 uon
415 1111 562 1174 declinari
583 1121 693 1195 potest,
717 1112 797 1176 sicut
818 1111 961 1192 πλῆθος,
983 1115 1059 1198 quod
1075 1116 1220 1194 Techniei

106 1238 154 1302 pro
175 1213 315 1282 νλωθοί
336 1216 394 1278 dici
414 1215 574 1290 affirmant,
604 1235 666 1278 non
687 1214 785 1278 solnm
807 1214 875 1298 qnia
896 1210 980 1288 νλως
1002 1231 1147 1302 nusquam
1169 1243 1219 1286 re·

102 1319 222 1402 peritur,
247 1319 305 1382 sed
327 1317 421 1380 multo
443 1317 538 1401 magis
562 1316 642 1400 qnia,
669 1316 959 1400 quaereperiuntur
975 1317 1031 1382 hoc
1051 1323 1137 1386 modo
1156 1334 1218 1388 ter-

102 1424 207 1484 minata
235 1425 284 1502 (v.
307 1420 344 1484 0.
362 1419 387 1484 1.
405 1421 433 1504 §.
449 1418 499 1501 3.)
528 1429 581 1482 ant
607 1419 828 1484 indeclinabilia
850 1430 922 1482 suut
942 1431 995 1496 aut
1015 1421 1105 1486 aliter
1126 1426 1218 1490 decli·

104 1534 218 1587 uantur.
269 1522 410 1586 Secundo
432 1521 500 1584 loco
523 1521 733 1608 collocabimus
756 1543 792 1586 ea
812 1520 977 1599 vocabula,
1008 1545 1134 1608 quornm
1156 1529 1216 1612 pri·

103 1645 161 1688 mus
182 1647 274 1690 casus
299 1625 335 1688 ab
357 1623 480 1688 auribus
501 1624 643 1690 abhorret
663 1623 715 1688 vel
737 1625 773 1686 ob
795 1623 917 1688 nimiam
947 1625 1144 1710 exiguitatem
1165 1631 1217 1695 vel

105 1727 166 1808 qnia
188 1737 398 1792 consonantes
420 1727 606 1812 aspmplocas
629 1726 775 1790 continet.
820 1725 866 1790 Ad
893 1727 975 1810 prius
1007 1749 1103 1829 gequs
1124 1733 1216 1816 pcrti-

104 1841 171 1894 nent
191 1828 291 1910 κνίς,
318 1821 411 1905 alde,
441 1821 523 1902 οτοῖς
545 1840 577 1893 et
602 1840 703 1894 cetera
725 1811 931 1914 monosyllaba
952 1829 985 1892 in
1010 1831 1106 1915 prima
1127 1833 1216 1918 hujus

105 1931 311 2015 disputationis
333 1941 418 2016 parte
439 1942 626 2007 enumerata,
650 1952 725 2015 quae
751 1932 804 1998 lex
826 1941 857 1994 et
875 1951 948 1996 usus
972 1933 1117 2006 excludit.
1157 1935 1216 2000 lta·

102 2051 151 2114 que
173 2034 274 2100 Draco
299 2057 329 2119 p.
346 2033 400 2098 30.
426 2043 458 2098 et
471 2056 500 2118 p.
519 2031 592 2097 103.
616 2033 656 2098 cd
678 2026 787 2102 οτοῖδα
807 2021 946 2121 λίμνην,
968 2036 1079 2120 inquit,
1102 2037 1161 2106 aul
1177 2036 1215 2105 τδ

102 2131 197 2204 alcida
223 2133 488 2228 χρνοεόκαρπον
516 2131 579 2226 οῆχ
610 2140 675 2213 ἔξει
701 2133 780 2202 τινοὶ
802 2131 914 2212 ὀξεῖαν
937 2139 1040 2221 (scrib.
1057 2135 1215 2226 εὐθεῖαν)

101 2234 174 2312 cudo
193 2237 219 2326 ῆ
238 2237 344 2316 addc·
369 2238 614 2326 μεταπλασχαοὶ
634 2232 699 2327 χοῖρ
719 2243 800 2306 εἰσι·
830 2242 907 2324 quod
922 2243 1068 2324 quomodo
1082 2243 1117 2306 dc
1132 2237 1216 2311 atd-

103 2337 152 2414 δος
173 2341 231 2409 dici
252 2345 374 2428 possit,
406 2364 495 2406 nemo
524 2342 666 2426 ambigit,
695 2343 748 2406 scd
770 2343 928 2408 haeremus
949 2343 982 2406 in
1005 2344 1120 2421 altero,
1147 2347 1216 2430 quia

105 2463 193 2528 neque
215 2443 344 2520 οτοῖδος
374 2467 471 2530 neque
501 2445 599 2508 simile
622 2444 780 2528 quidquam
802 2444 925 2528 legitur.
972 2443 1130 2510 Invenitur
1151 2449 1216 2532 qui·

106 2545 164 2610 dem
185 2569 298 2614 nomen
322 2545 522 2616 neutrumcd
545 2541 698 2634 ἔμβαδόν
727 2547 803 2630 apud
825 2546 982 2633 Polybium
1013 2557 1044 2610 et
1068 2551 1215 2632 posterio·
1302 2581 1304 2590 ¹

105 2667 160 2730 res,
180 2653 358 2736 significans
376 2647 416 2716 τδ
431 2650 501 2716 τῶν
522 2648 692 2718 ἐπιπέδων
712 2641 896 2738 σχημάτων
911 2641 1053 2739 χῶρῆμα
1073 2650 1212 2714 Eustath.

107 2769 133 2832 p.
153 2751 331 2836 102050.
364 2753 415 2837 qni
446 2773 483 2816 eo
506 2751 626 2834 saepius
648 2751 756 2828 utitur,
787 2751 826 2818 τὸ
847 2751 909 2838 τῆς
931 2750 1040 2826 οἰκίας
1061 2749 1214 2840 ἐμβαδόν

107 2871 133 2932 p.
147 2853 221 2934 436,
249 2854 306 2920 40.
331 2846 480 2922 δάπεδον
502 2853 658 2926 ἐνταῦθα
677 2851 718 2922 τδ
740 2855 802 2920 τοὺ
825 2848 983 2940 δώματος
1005 2849 1159 2942 ἐμβαδόν
1181 2879 1212 2942 p.

108 2952 194 3036 1655,
217 2959 274 3026 60.
303 2957 367 3044 τοῦ
388 2956 543 3044 ε’μβαδοῠ
557 2980 595 3041 ;p.
618 2955 714 3035 1901,
738 2957 791 3022 55.
815 2958 885 3024 τῶν
907 2957 1068 3046 dudodecim
1089 2959 1211 3026 Anatol-

109 3055 140 3118 de
154 3059 249 3146 Dyad.
274 3051 306 3146 p.
325 3059 378 3126 12.
404 3082 462 3144 qno
474 3059 631 3124 intellectu
647 3071 767 3126 veteres
789 3059 913 3151 χωρίον
935 3062 1099 3142 dixernut3
1122 3063 1216 3126 idem·

107 3177 157 3240 que
178 3167 255 3248 apud
271 3163 436 3250 Byzantios
458 3185 514 3250 pro
539 3159 672 3250 ἐμβάτη
695 3165 762 3228 sive
784 3167 940 3252 ἔμβαοις,
962 3164 1018 3230 hoc
1040 3175 1089 3228 cst
1109 3164 1214 3228 folium

108 3257 209 3341 balnei,
233 3277 389 3350 receptum
412 3277 460 3330 cst
482 3259 513 3330 ir.
531 3265 579 3330 Du
592 3266 687 3352 Cang.
713 3265 812 3331 Gloss.
838 3269 890 3332 sed
914 3289 955 3355 ex
976 3267 1033 3330 hoc
1054 3267 1213 3346 vocabulo,

109 3365 177 3442 quod
197 3367 329 3432 fortasse
351 3368 434 3454 vulgi
465 3369 560 3432 abusu
586 3389 631 3440 cx
651 3364 805 3457 α’·,ωβατόν
833 3381 1005 3454 corruptum
1027 3380 1075 3434 est
1096 3381 1131 3448 ut
1152 3373 1216 3455 ἐμκ

108 3464 204 3546 dotto
232 3463 288 3556 pro
310 3468 494 3558 ἕμβατεία,
521 3461 643 3536 sadduc
664 3493 718 3556 pro
740 3465 879 3552 ἐνώτια,
910 3470 1007 3556 τῆδος
1028 3493 1082 3556 pro
1103 3469 1214 3555 τῆτες,

110 3576 228 3636 cotonea
248 3595 303 3658 pro
325 3574 466 3660 cydonia,
489 3571 641 3664 specimen
664 3595 770 3658 capere
793 3575 889 3638 nefas.
935 3573 1050 3636 Deinde
1065 3572 1214 3657 adjectivo

109 3667 224 3754 χωνδός
254 3697 327 3741 usus
359 3686 407 3740 est
434 3676 556 3761 ignotus
584 3687 672 3760 poeta
699 3677 732 3740 in
752 3677 887 3762 Append.
918 3675 1021 3759 Epigr.
1052 3673 1213 3738 CCCLXI.
1319 3718 1323 3726 «

110 3771 141 3833 ἐκ
162 3778 286 3864 χανδῆς
307 3778 509 3866 ζωροποτῶν
530 3770 675 3858 κύλικος,
698 3781 776 3864 qood
797 3777 970 3842 Eustathius
994 3777 1098 3841 eodem
1120 3777 1217 3842 traxit

112 3888 137 3951 l·
152 3872 223 3956 746,
238 3879 292 3946 00.
317 3877 380 3971 ὅρα
401 3879 440 3950 τὸ
462 3881 598 3971 χανδῆς,
622 3873 664 3948 οὗ
683 3878 707 3968 ῆ
729 3879 898 3966 αἰτιατική
919 3890 1012 3946 ποιεῖ
1031 3875 1070 3944 cd
1090 3871 1216 3968 χανδόν

113 3973 288 4074 ἓπίῤῥῆμα,
311 4006 368 4048 uec
380 3985 571 4072 dubitandum
584 3983 852 4072 videtnrJa‘cobsio
868 3983 906 4046 ad
918 3981 982 4045 Pol.
999 3979 1074 4046 959.
1092 3982 1215 4046 Schnei-

115 4073 197 4146 derus
224 4098 323 4152 antem
350 4087 529 4172 trajectione
558 4087 742 4174 syllabarum
772 4086 964 4170 depravatum
992 4094 1076 4170 putat
1096 4104 1150 4170 pro
1178 4087 1216 4149 ἐν

117 4178 214 4270 (donc
233 4188 455 4278 quandosnescis
472 4191 580 4256 -cui
601 4189 841 4258 emendationem
861 4199 1038 4276 anteponam
1059 4186 1148 4252 aliam
1160 4184 1215 4252 mi-
1284 4274 1285 4277 χ
