2926 4886
289 339 346 406 llll
374 337 539 408 Noetu.
568 337 741 407 nouos.
773 337 900 407 c.111.
930 343 959 428 ᾖ.
973 341 1007 408 6.
1136 345 1201 416 111

102 519 315 587 memorabilior
335 519 456 590 Pindari
476 517 599 585 licentia
619 517 761 584 hiberum
784 529 901 608 putrem
922 513 1127 612 διθύραμβοι
1147 547 1203 590 rc·

102 625 188 689 canus
209 623 331 708 Fragm.
354 617 384 708 pL
409 621 484 688 585.
509 623 649 686 nimirem
670 621 707 685 ad
730 623 957 707 exprimendum
980 636 1103 712 etymon
1118 625 1203 696 resa

102 724 228 815 ῥάμμα.
273 727 312 789 Et
340 725 372 788 in
394 725 583 800 universum,
607 724 635 800 si
658 725 811 809 proprium
830 721 900 801 Ἀδς
921 727 1200 811 praetermittimus,
1340 781 1346 812 ,

100 829 204 894 nullum
234 827 387 912 reperitur
423 826 511 912 hujus
545 825 753 892 declinationis
783 829 974 914 exemplum,
1010 832 1095 916 cujus
1123 833 1202 896 ratio

99 931 250 1016 probabilis
273 929 358 994 reddi
380 913 441 992 hon
462 928 569 1014 possit.
614 925 691 992 Nam
720 939 752 994 et
772 923 1038 1016 ἀνδραπόδεσσι,
1066 955 1121 1018 pro
1145 956 1203 1019 quo

97 1031 282 1098 Aristarchus
302 1031 447 1096 usitatum
468 1021 696 1117 ἀνδραπόδοις
718 1031 889 1114 (Demostb.
914 1054 944 1120 p.
960 1033 1036 1112 cto,
1055 1035 1108 1101 11.
1123 1035 1204 1102 Jam-

96 1133 177 1199 bbcb.
202 1134 307 1200 Protr.
338 1156 368 1220 p.
391 1131 468 1201 220.
502 1133 592 1218 Corp.
616 1133 756 1219 Inscript.
780 1134 915 1200 Addend.
940 1158 969 1220 p.
996 1137 1062 1222 Cl.)
1092 1142 1203 1208 παλα-

96 1236 263 1330 δὲνδροσσο
293 1237 380 1302 Εσο.’
393 1236 502 1302 llacch.
527 1235 602 1302 552.
636 1247 758 1322 apparet
780 1238 893 1302 directa
915 1257 984 1302 esse
1005 1241 1042 1304 ad
1064 1241 1205 1312 similitu·

97 1335 186 1404 dinem
208 1335 402 1426 simplicium,
425 1349 456 1404 et
476 1337 712 1426 πσργοιιέροιτσ
734 1359 796 1404 non
818 1350 933 1405 temere
955 1344 1141 1428 surrepsisse
1158 1345 1205 1410 vi·

98 1441 178 1508 detur
197 1443 252 1508 sed
276 1442 346 1528 quia
365 1441 537 1506 terminatio
559 1441 737 1506 nominativi
759 1441 858 1530 κόρας
880 1445 1042 1508 memoriae
1064 1445 1205 1512 inhaere·

97 1546 151 1622 bat,
173 1567 191 1610 a
213 1566 274 1634 quo
298 1545 326 1609 si
346 1544 526 1630 adjectivum
546 1555 789 1628 componeretur,
812 1545 842 1608 id
863 1567 925 1618 nou
950 1545 1040 1611 aliter
1060 1547 1206 1613 declinari

85 1632 190 1732 'posset
213 1669 303 1732 quam
325 1641 457 1733 οὔνροις.
500 1645 677 1730 Apcllonius
699 1647 736 1711 de
757 1645 836 1718 Aer.
849 1669 879 1732 p.
892 1646 966 1714 596.
988 1647 1045 1716 acl
1061 1649 1115 1716 ἐπ’
1130 1643 1206 1718 όνο-

98 1744 210 1838 μόσοιν
220 1748 469 1838 μοσσπλοισμοὶ
487 1745 645 1836 γίνονται
657 1744 817 1838 neodem
838 1749 877 1817 τό
896 1747 1145 1842 ἐρυσάρματες,
1166 1751 1206 1820 τό

98 1855 178 1935 ltro,
191 1851 231 1921 cd
245 1850 342 1940 παρά
353 1853 497 1939 Σαπφοῖ
509 1846 637 1937 edem),
659 1848 698 1918 τό
711 1853 949 1943 πσργοιιόροισα
964 1852 1059 1941 παρά
1067 1857 1207 1947 Boupo-

99 1954 184 2048 lldp,
213 1956 296 2042 quod
327 1956 364 2018 cd
386 1955 508 2040 'Pbrym
539 1975 569 2040 p.
593 1951 669 2018 658.
703 1956 855 2039 composui
891 1978 958 2020 cum
986 1957 1207 2044 Aristophaneo

99 2055 284 2146 ὑψικέρατα
298 2057 428 2142 πέτραν
440 2057 539 2124 Nubb.
560 2055 636 2123 597.
659 2055 711 2120 ubi
733 2052 1097 2148 8ο5ο1.μεσοιπλοισμός
1115 2066 1208 2130 ἐστιν

100 2160 170 2229 decl
191 2163 257 2230 τοῦ
282 2157 504 2247 όψιιιὲρατον.
554 2159 631 2224 Huic
659 2159 787 2224 similem
819 2161 1035 2226 nominativum
1063 2163 1208 2248 pluralem

101 2267 194 2330 nescio
223 2266 308 2330 unde
341 2265 429 2328 affert
456 2263 626 2350 Hesychius
654 2261 907 2348 Λεαιιοιιόρασος
936 2263 1002 2350 (vel
1025 2255 1209 2358 λοισιόιιρα-

100 2371 160 2450 σος)
176 2367 230 2436 dccl
246 2363 382 2442 τόσσός
399 2371 436 2434 ἐν
449 2361 588 2460 Boeoto
606 2365 692 2454 βοός
707 2361 846 2439 lectorio
860 2365 961 2434 οἴνοιο.
989 2367 1112 2445 Dativo,
1131 2373 1209 2455 quod

99 2471 276 2547 mirabilinS,
298 2491 372 2534 usus
393 2481 440 2534 est
461 2469 585 2535 Photius
607 2463 803 2556 Ὀξσπράρῳ
821 2462 947 2558 rodope,
961 2468 1007 2558 epi
1025 2463 1208 2557 όξσιοέρασι.

100 2571 172 2638 llaec
193 2573 220 2638 si
256 2573 321 2658 quis
344 2574 520 2658 metaplasta
549 2591 723 2657 nuncupare
745 2571 895 2648 obstinet,
927 2591 989 2635 non
1011 2572 1208 2653 intercedam,

100 2677 177 2740 modo
199 2687 384 2760 separentur
404 2697 423 2740 a
445 2676 638 2740 dissimilibus
653 2670 912 2762 ἀνδραπόδεσσι,
934 2673 1208 2762 πολυδένδροσσι.

99 2775 167 2842 llam
188 2777 227 2846 cd
249 2772 461 2866 ἀνδρόποσν,
482 2774 522 2846 ed
535 2777 760 2867 πολσδονδρές
774 2779 931 2864 analogiae
954 2790 1209 2864 noorepugnant,
1241 2812 1246 2836 ο

100 2881 146 2944 sed
164 2877 334 2969 όψίιιορος
355 2883 406 2947 vel
433 2882 583 2959 maxime3
606 2903 710 2967 ¹quare
742 2883 978 2966 componendum
1009 2903 1077 2948 oum
1098 2881 1213 2968 simpli·

101 2982 194 3066 cibus,
218 3005 299 3070 quae
331 2985 360 3069 ἕ.
384 2985 417 3050 ll.
449 2983 659 3062 exhibuimus,
683 3005 809 3070 quorum
831 2984 943 3068 primus
966 3001 1054 3052 cesus
1078 2997 1138 3050 non
1161 3007 1211 3050 so-

100 3082 155 3148 lum
176 3087 345 3174 inusitatus
367 3089 420 3152 sed
448 3087 535 3172 plane
556 3090 676 3172 penitus
707 3081 856 3175 ἀρ’ῥησσς
879 3097 946 3163 est,
977 3087 1089 3172 obliqui
1110 3099 1213 3152 autem
1333 3111 1336 3120 ’

102 3207 180 3253 casus
201 3190 445 3278 reprehensione
467 3201 583 3254 carent.
628 3191 668 3254 Et
695 3191 732 3254 cb
755 3189 811 3254 hoo
826 3190 933 3273 ipsum
956 3189 1047 3253 malui
1069 3189 1213 3275 acephala

102 3309 219 3370 vocare,
242 3303 331 3358 utet
353 3289 596 3380 ἐρσσάρμοιτος,
621 3294 697 3378 quod
718 3293 820 3378 Etym.
844 3287 977 3372 11105,
1001 3289 1055 3355 48.
1081 3313 1123 3358 cx
1140 3297 1213 3379 δρα-

104 3385 269 3485 σάρματσι
290 3395 535 3480 transfiguratum
559 3395 640 3460 dicit.
686 3395 806 3458 Etenim
822 3395 980 3458 barbarum
999 3405 1058 3471 est,
1083 3397 1159 3478 quod
1181 3398 1214 3459 in

104 3491 177 3560 Lex.
208 3497 358 3582 Apostolii
387 3519 436 3582 ap.
466 3497 635 3562 Albcrtium
665 3498 701 3561 ad
730 3497 803 3568 Hes.
827 3497 863 3559 T.
889 3495 927 3558 ll.
953 3495 1048 3560 1151.
1073 3497 1212 3573 affertur,

105 3591 295 3690 δρασάρμας
308 3600 450 3677 veredus,
474 3620 528 3684 pro
542 3594 601 3684 quo
615 3591 852 3686 ἔρσσάρριοιτσς
865 3599 923 3662 diei
939 3609 1068 3683 oportet,
1085 3611 1119 3664 ut
1134 3602 1214 3688 ῥιμ-

107 3693 295 3788 φάρματος,
319 3697 529 3788 οάσοόμοιτος,
553 3701 737 3790 διιόροιτος,
759 3693 958 3791 βραχόιοπσς
979 3711 1039 3764 etc.
1062 3700 1117 3763 sed
1139 3701 1214 3766 obli·

107 3804 167 3884 quis
190 3807 227 3870 ad
252 3805 396 3890 simplicis
418 3805 643 3868 similitudinem
664 3801 760 3868 relabi
774 3805 964 3888 permissum.
1013 3801 1097 3882 Quae
1114 3814 1215 3866 autem

109 3903 180 3969 nulli
201 3907 309 3972 horum
331 3927 478 3993 generum
500 3907 608 3994 subjici
629 3917 775 3992 possunt,
800 3927 837 3970 ca
857 3917 910 3970 aut
930 3903 1063 3970 aeolicae
1085 3905 1216 3970 declina·

175 4139 220 4208 28)
235 4141 341 4207 rm.
360 4141 454 4194 ssXlV.
472 4142 519 4196 ubi
529 4141 629 4194 Nauius
647 4143 724 4196 ub'crt
741 4140 829 4211 Etpn.
843 4131 895 4208 τήν
910 4133 952 4209 rici
966 4136 998 4196 αι’
1010 4134 1121 4198 Αἰολεῖς
1137 4133 1216 4194 odor.

111 4217 274 4280 scribendum
290 4229 399 4280 ridetur
414 4223 514 4298 αάόοιν,
532 4244 674 4282 auroram.
935 4307 978 4376 12
990 4309 1003 4333 a
