2930 4872
306 305 365 372 nn
392 302 589 372 nouncn.
616 302 830 372 lunonis.
860 305 978 375 .c.1v.
1003 277 1091 396 σα.
1176 263 1268 386 σοι’

133 486 219 570 odda,
238 485 297 552 nisi
315 481 381 570 τήν
405 481 558 572 σιτάριον
572 481 702 568 intelligi
722 484 820 550 voluit
840 487 996 554 materiam
1008 509 1062 573 pro
1077 493 1247 578 materiato,

136 603 169 658 ct
186 583 390 676 σπάρτοισιν
406 585 533 675 ἶβηρλοι
545 587 613 650 Hal.
628 585 679 651 lll.
698 585 773 652 342.
799 590 962 674 eujusmodi
980 592 1156 660 femininum
1170 619 1249 664 mas-

135 693 242 760 culino
270 713 328 778 per
356 691 482 778 synesin
515 690 686 775 adjunctum
715 683 813 775 άρτοι
840 691 1032 778 μακανιίλες
1057 696 1169 764 Athon.
1192 701 1245 768 lll.

138 795 216 860 111.
246 795 285 860 Α.
314 806 350 860 -et
379 794 477 860 simile
506 787 655 866 ναστοάς
686 789 910 878 μελιτούττας
937 797 1033 862 Arist.
1064 802 1145 866 Avv.
1170 801 1245 868 567.

133 898 295 982 Exemplis
329 895 529 962 Brunekiauis
571 894 723 960 Porsonus
762 897 798 962 ad
833 896 933 964 Orest.
963 897 1038 964 265.
1068 903 1149 966 addit
1175 919 1249 982 τοῖς

133 995 250 1086 ἦθασι
276 999 372 1066 Arist.
405 997 489 1062 Eecl.
522 995 595 1064 584.
626 1009 657 1062 ot
678 998 748 1065 τάν
768 994 913 1082 ἠθάδων
933 999 1006 1064 Eur.
1032 1001 1118 1088 Cycl.
1141 1003 1248 1095 2503)

134 1113 170 1168 et
191 1103 262 1168 hinc
283 1102 399 1186 colligit
419 1101 566 1188 adjectiva
595 1100 682 1186 hujus
705 1102 927 1166 terminationis
948 1103 1038 1166 trium
1062 1125 1130 1172 esse
1152 1129 1246 1193 gene·

132 1227 219 1282 rum,
242 1227 303 1268 non
324 1205 462 1290 adjecto,
485 1205 562 1288 quod
583 1203 727 1288 imprimis
753 1205 790 1273 ad
820 1225 886 1270 rem
915 1205 1065 1288 pertinet,
1092 1210 1125 1270 in
1151 1216 1247 1276 certic

134 1308 274 1374 caridus.
319 1306 395 1372 Nam
416 1304 455 1372 τά
476 1301 569 1392 ἠθάς
591 1305 658 1370 sine
677 1306 766 1372 dubio
789 1327 851 1372 non
873 1307 983 1392 dicitur
1004 1309 1064 1372 nisi
1086 1310 1112 1373 si
1127 1317 1245 1397 synesis

134 1422 198 1488 est,
220 1421 256 1476 ut
275 1410 394 1474 Aelian.
417 1409 454 1474 Η.
477 1409 561 1472 Anu.
585 1408 641 1474 tx,
665 1405 719 1474 36.
742 1403 787 1495 ἦν
807 1403 904 1496 d'dpo
927 1409 1065 1496 πέτραις
1084 1408 1246 1496 η’θάςκαλ

134 1517 176 1581 ἐν
195 1508 338 1586 ταάταις
359 1503 556 1598 νεμόμενον
576 1510 675 1598 γένος
695 1511 875 1598 κεστρέως,
903 1513 953 1596 (lui
975 1516 1243 1595 constructionem,

132 1625 171 1679 ut
192 1615 283 1691 solet,
307 1613 420 1678 direxit
443 1615 480 1676 nd
500 1613 543 1690 id,
567 1614 644 1694 quod
665 1613 866 1698 significatum
889 1625 947 1678 est.
992 1615 1097 1699 Neque
1119 1617 1151 1680 in
1173 1640 1245 1683 con·

102 1740 105 1746 ·
133 1719 263 1786 muium
284 1717 367 1782 valet
389 1711 519 1804 σκάφος
535 1711 646 1797 άλκάς,
668 1716 745 1800 quod
767 1715 965 1782 Buttmannus
987 1718 1075 1782 allent
1098 1740 1139 1782 ex
1154 1719 1241 1806 Cycl.

133 1819 210 1886 504.
231 1815 388 1908 γάνυμαι
411 1818 447 1886 δὲ
474 1813 588 1892 δαιτὸς
607 1813 709 1910 ἧβῃῑ)
734 1815 863 1905 σκάφος
883 1816 983 1897 ὁλκοῖς
1004 1817 1049 1896 οἷς
1067 1823 1245 1910 νομισθεὶς

132 1923 217 1992 ποτὶ
239 1922 346 2010 σέλμα
365 1920 508 2012 γαστρὸς
526 1916 646 2007 άκρον,
669 1921 745 1986 falso
767 1913 896 2008 σκάφος
917 1919 1017 1997 ὁλκάς
1042 1925 1243 1991 nominativos

133 2047 204 2090 osse
226 2025 425 2104 existimaus,
456 2025 545 2109 idque
567 2024 743 2112 Bernhardy
771 2025 859 2110 Synt.
889 2046 918 2108 p.
945 2023 1018 2090 193.
1043 2028 1174 2094 comicae
1195 2049 1244 2094 es·

133 2129 236 2214 signnat
256 2127 418 2204 licentiae;
441 2127 494 2191 sed
516 2137 721 2192 constructum
742 2138 808 2204 est,
840 2135 875 2190 ut
901 2127 1026 2210 dieitur,
1054 2126 1135 2198 ὅλον
1156 2128 1243 2200 κατά

131 2231 237 2318 μέρος
252 2251 306 2314 pro
321 2225 421 2304 ὁλκάς
433 2236 639 2317 γεμισθεῑσα
652 2223 691 2295 τά
707 2223 849 2316 σκάφος,
871 2229 950 2294 siout
969 2231 1079 2296 Aesch.
1091 2233 1150 2318 Ag.
1163 2231 1240 2299 661.

132 2335 220 2408 ναῦς
240 2327 409 2420 άκήρατος
431 2329 572 2418 σκάφος.
619 2333 701 2412 Quae
723 2343 824 2396 autem
847 2332 1011 2396 Salmasius
1041 2335 1077 2396 ad
1101 2335 1240 2401 Simmiae

133 2437 232 2502 Ovum
254 2436 287 2499 in
310 2435 414 2500 Poleni
435 2433 525 2498 Thes.
550 2433 734 2498 T.11.704.
757 2433 939 2498 Abresohios
960 2435 997 2496 ad
1018 2434 1127 2500 Aeseh.
1151 2438 1237 2504 Pers.

132 2538 209 2605 712.
233 2537 350 2602 Dilucc.
381 2559 411 2621 p.
434 2535 511 2600 658.
541 2546 572 2599 et
592 2535 747 2600 Jacohsius
775 2537 812 2600 ad
833 2535 926 2600 Anth.
950 2535 1014 2599 Pal.
1045 2559 1074 2621 p.
1106 2538 1182 2604 222.
1206 2540 1240 2604 in

131 2642 264 2706 medium
285 2640 417 2704 afferunt
436 2661 455 2704 a
478 2639 613 2723 Tragiois
642 2650 758 2704 sumta:
794 2636 925 2726 δρομάς
946 2638 1084 2728 Ξέρξης,
1108 2630 1241 2726 (λρομά-

130 2743 186 2818 δες
207 2739 347 2830 Φρύγες,
367 2741 501 2830 γυμνάς
519 2735 648 2820 στόλος,
670 2737 790 2828 Ἀρκάς
803 2740 940 2827 κανῆῖ),
963 2764 999 2806 ea
1020 2764 1143 2826 prorsus
1163 2743 1239 2830 legi·

130 2848 205 2912 tima
226 2855 310 2921 mot,
333 2846 545 2910 terminatione
577 2831 618 2918 oc}
646 2845 758 2910 duobus
792 2845 952 2929 generibus
980 2846 1146 2930 aequaliter
1167 2869 1237 2911 con·

130 2969 239 3028 cessa3
264 2969 300 3010 ac
316 2947 342 3010 si
355 2943 475 3022 Ἑλλάς
494 2948 669 3032 plerumque
690 2947 824 3032 regionis
840 2969 949 3012 nomen
971 2960 1030 3026 cst,
1053 2951 1120 3014 ideo
1141 2946 1240 3026 ἑλλάς

126 3044 217 3138 οἷνήρ
239 3049 405 3114 addubitnri
426 3072 488 3114 non
509 3051 664 3134 oportebat
687 3049 915 3136 aBennhardyo
930 3051 1018 3137 Synt.
1036 3075 1064 3136 p.
1078 3050 1132 3116 48.
1155 3052 1238 3118 aliis·

127 3176 199 3240 que,
223 3174 281 3218 nec
304 3152 400 3236 magis
421 3153 588 3216 mirandum
609 3153 724 3236 aliquos
746 3154 846 3238 ἑλλην
860 3149 957 3227 πόλις
973 3153 1086 3220 dixisse
1103 3166 1236 3240 etporro

126 3258 230 3343 ἑλλην
254 3252 423 3342 θρησκεία
450 3254 537 3336 Phot.
576 3255 650 3318 Cod.
682 3254 851 3321 CLXXXI.
880 3254 956 3320 216.
992 3279 1080 3340 quum
1109 3267 1237 3342 utraque

126 3359 323 3446 terminatio,
356 3359 442 3444 enjus
469 3355 654 3442 primitivum
682 3352 863 3432 οιιἙλλος
883 3359 1030 3445 Hesyoh.,
1053 3360 1174 3443 generis
1194 3359 1236 3424 sit

199 3562 228 3626 1)
243 3554 355 3615 Ἠθάὸι
380 3557 491 3632 βάκτρῳ
518 3559 636 3612 Graciles
659 3559 748 3612 Nonno
777 3563 928 3614 restitutum
950 3563 1000 3614 ivit
1020 3561 1108 3612 Praei.
1138 3578 1163 3629 p.
1183 3561 1231 3616 XI.

124 3644 237 3718 δηλιάσι
252 3639 361 3718 γυάλοις
381 3647 514 3698 Seidlerus
525 3648 643 3716 Euripidi
661 3645 716 3712 lph.
735 3647 766 3698 Τ.
783 3649 859 3704 1202.
878 3648 981 3714 (1235.)

196 3749 226 3815 2)
243 3749 284 3800 lta
304 3750 396 3816 scripsi
415 3766 463 3816 pro
483 3744 551 3820 ἥβης
576 3751 609 3800 ad
628 3751 821 3814 significandam
839 3751 980 3819 epularum
997 3749 1178 3818 affluentiam,
1202 3761 1233 3804 ut

60 3904 63 3908 Ι
124 3829 270 3906 ἡβητήρια
282 3837 380 3886 dieitur
392 3843 419 3886 et
432 3833 550 3905 σονηβᾷν
564 3836 591 3887 in
606 3835 697 3887 Scolio.

194 3939 224 4008 3)
242 3939 271 3990 ln
288 3939 421 4005 Antipatri
439 3938 529 4005 Epigr.
551 3955 574 3990 c.
599 3938 655 3992 Vll.
676 3955 703 3990 n.
728 3937 770 3990 60.
796 3932 831 3992 cis
855 3933 1026 3992 άΔιωνάσοο
1048 3936 1232 4006 μιμολημένσς

122 4019 335 4094 sicutenim,
354 4019 389 4079 oie
405 4018 597 4095 ὅφιλαιιρῆτοσ
619 4023 765 4094 σάκτροφοσ
777 4018 924 4092 άρμονίης,
948 4023 1093 4074 Huschkius
1113 4029 1233 4079 emendat

119 4107 215 4179 ἠθάσι
225 4106 342 4177 τάμοιο,
359 4109 494 4162 Jacobsius
511 4113 597 4179 aptius
615 4108 717 4176 οἶνάσι,
733 4110 779 4160 scd
798 4117 914 4176 praestat
926 4102 1012 4171 εἰσίοι,
1029 4112 1096 4177 qnod
1116 4114 1170 4164 solo
1188 4128 1230 4164 ne·

121 4203 203 4250 centu
215 4195 249 4250 nl>
261 4188 342 4252 oiim
355 4197 452 4264 distat,
468 4191 572 4254 εάιαιιολ
588 4201 687 4254 θίασοι
704 4195 784 4251 Anti.
798 4195 872 4249 Plan.
888 4191 921 4250 N·
933 4197 994 4254 28⁹.
1009 4213 1034 4265 p.
1051 4197 1110 4252 713.
