2930 4872
281 286 336 354 on
365 285 554 354 autnon.
578 285 788 355 ιιιιιοιιι.
819 285 855 353 o.
883 287 922 354 v.
953 281 983 374 ρ.
1004 289 1036 355 1.
1144 289 1211 356 οτι

124 467 283 536 nominatim
304 477 392 532 navet
413 467 580 554 Stephanus
599 462 651 553 pal
673 488 724 540 τια
756 462 793 532 τὸ
810 460 942 555 ’Ἀσφαξ
961 467 1019 537 nol
1042 465 1210 561 τὸἏιραξ

117 565 279 640 ’σύνθετον
307 567 454 658 οἰηθείη.
504 570 562 634 Ριο
589 561 826 657 βλεφαροποῖξ,
857 572 934 653 qnod
962 583 993 637 et
1019 575 1095 658 apud
1115 577 1211 644 Hero·

122 676 227 740 dianam
247 673 269 737 l.
293 695 321 738 α.
350 683 453 750 extat,
477 671 554 738 haud
582 671 701 757 reperio
724 671 793 754 quid
819 691 961 756 reponam
991 687 1112 759 praeter
1130 682 1211 766 βλε-

121 773 286 864 φαρσοποῖξ
314 769 572 860 signilloanmdo
596 769 944 860 ippoouuunoulthu,
973 777 1025 842 vel
1045 780 1211 871 pllaepapo.

121 873 201 957 στᾶξ,
223 879 339 953 idest,
361 878 411 962 qui
433 876 533 961 ptilosi
554 877 686 951 laborat,
718 875 853 960 pilosque
882 876 1085 962 palpebrarum
1112 883 1211 953 lluxos

123 981 211 1046 labet.
255 971 494 1068 Κιτροβαοτοῖξ
527 989 559 1042 et
583 970 822 1064 λιτροβσῖσταξ,
849 979 925 1062 quod
953 979 992 1043 ls.
1018 981 1143 1051 Vossius
1173 991 1211 1056 ad

120 1083 237 1170 llespoh.
268 1105 295 1148 s.
319 1075 456 1156 Βόσταο
479 1102 520 1145 ex
547 1081 716 1144 Herodiano
742 1079 840 1160 affert,
869 1079 997 1166 intelligi
1019 1087 1134 1168 nequit,
1157 1093 1211 1157 sed

119 1179 336 1274 φιτροβᾶσταξ
357 1187 485 1250 fortasse
507 1183 679 1248 nominatus
700 1182 817 1266 bajulus
847 1181 1009 1264 lignorum,
1033 1205 1094 1252 uno
1115 1193 1209 1258 verbo

87 1284 331 1376 ἰορρισφόροα
384 1285 517 1370 Simplex
543 1274 673 1372 βασταξ
703 1305 744 1348 ex
773 1282 935 1367 Theophilo
964 1285 1099 1372 Protosp.
1124 1293 1232 1360 affert*

120 1389 309 1456 Schneideros
337 1391 477 1511 pdjuuota
507 1386 649 1474 Hesychii
678 1385 777 1471 glossa
797 1377 980 1462 Bduvuuoe
1004 1388 1085 1465 τούς
1107 1395 1211 1463 πλου-

120 1490 204 1568 σίους
228 1493 286 1562 καὶ
309 1486 472 1581 εὐγενεῖς,
494 1490 547 1554 sed
568 1487 648 1554 illius
670 1486 832 1552 auotoritas
854 1489 985 1568 minima,
1008 1491 1144 1578 hujus
1118 1499 1212 1584 signi-

115 1596 205 1660 lioatio
231 1607 263 1660 et
285 1594 444 1660 declinatio
472 1613 566 1678 penu
594 1591 728 1655 evenho
753 1584 931 1678 βαστάζω,
959 1593 1135 1684 βαστογή,
1157 1601 1211 1665 ba-

117 1707 204 1782 staga‚
226 1697 381 1772 abhorret,
404 1715 500 1810 neque
524 1693 674 1758 Aroadius
704 1690 933 1782 νικροβαστάξ
954 1701 1096 1784 oxytouis
1118 1703 1212 1770 aduu-

115 1820 222 1864 merano
244 1799 404 1886 potuisset,
426 1797 453 1860 si
474 1796 602 1880 simplex
629 1791 759 1884 βασταξ
780 1797 923 1862 luisset
913 1819 946 1861 ιο
978 1819 1053 1880 usu3
1083 1803 1113 1868 id
1135 1807 1212 1924 qnod

116 1913 197 1987 negat
225 1901 452 1966 Choerobosous
473 1899 587 1962 Aneod.
612 1919 643 1982 ρ.
668 1897 763 1964 1199.
793 1898 838 1967 ια’
862 1902 909 1974 sle
933 1885 976 1976 αἶ
1001 1899 1146 1971 οἱπλιῐ“
1123 1910 1214 1994 νπὲρ

115 2003 193 2089 μίαν
214 1999 390 2090 συλλαβήν
411 1998 466 2070 δια
492 2000 588 2066 τούκ
609 1997 769 2078 κλίνεται,
795 2000 1019 2088 σεσημείωται
1036 2003 1076 2072 τό
1100 2003 1213 2098 ἅρπαξ

114 2141 152 2154 -
171 2131 211 2174 τα
204 2103 270 2173 dd
293 2096 446 2172 σύνθετα
470 2097 525 2170 aad
545 2101 608 2168 τοῦ
634 2125 667 2190 y,
691 2099 905 2192 α’πόσφαγος,
927 2104 1211 2204 uoxpoplolovayog.

116 2203 271 2276 Σύνθετοι
296 2206 332 2274 dl
354 2203 405 2274 dol
425 2217 519 2273 νοεῖν
541 2199 617 2293 ου’χλ
634 2199 678 2271 τα“
700 2200 769 2272 α’πό
789 2206 859 2272 τῶν
873 2210 921 2282 εἰς
942 2211 981 2283 αξ
997 2206 1171 2278 α’πλσῖν’
1129 2237 1213 2282 συν·

91 2318 193 2408 ,θιτα
222 2305 310 2379 οἷλλοιὶ
337 2334 380 2375 τα
409 2301 460 2375 tin
460 2301 605 2374 ’ἄλλων
632 2306 736 2376 τινοῖν
768 2307 990 2376 συντεθέντα·
1013 2316 1126 2382 ἐκεῖνα
1147 2316 1213 2435 yolp

113 2410 171 2500 τήν
188 2413 258 2481 τῶν
281 2407 401 2480 ιῖπλῶν
416 2406 623 2498 φυλάττουσι
644 2407 766 2486 ιιλίοιν,
786 2433 849 2478 του
835 2407 1127 2500 χαρτοςούλαιιος,
1150 2420 1213 2486 τοῦ

111 2514 355 2602 λινοθῶραυος,
386 2513 448 2580 τοῦ
481 2508 724 2599 φιλοφαιάιιος,
755 2511 818 2580 τοῦ
847 2506 1068 2603 φιλοῖρπαγος.
1113 2517 1213 2586 Verba

113 2617 160 2682 illa
179 2615 221 2687 ια’
242 2613 305 2687 α’π’
322 2611 434 2684 ἄλλων
452 2615 556 2682 τινῶν
577 2614 745 2698 significant
765 2612 808 2681 τα“
823 2609 883 2682 α’π’
899 2609 1069 2704 α’ρῤήταν,
1092 2630 1126 2684 ut
1142 2633 1214 2688 sunt

112 2717 267 2809 α’ποοφαἝ
286 2731 318 2785 et
337 2709 586 2806 νουροβαστιὶξ,
620 2737 694 2801 quae
717 2717 954 2812 Choerohosous‚
984 2720 1011 2784 si
1039 2742 1211 2790 eommunes

114 2825 228 2910 regulas
253 2831 398 2906 sequutus
420 2831 487 2899 est,
520 2831 603 2884 certe
631 2820 697 2884 aeui
726 2819 842 2897 voluit,
872 2822 931 2886 etsi
952 2821 1090 2888 dissentit
1111 2825 1214 2892 Goett·

112 2923 216 3010 lingius
239 2926 278 2988 de
299 2925 424 2988 Acuent.
454 2945 483 3008 p.
508 2921 583 2988 329.
607 2943 703 3006 neque
725 2923 847 3007 regulae
880 2925 1019 3010 congruit
1040 2925 1214 3016 μουνηρό-

111 3029 188 3114 plot,
218 3027 298 3116 quod
324 3024 455 3090 llankius
489 3027 524 3091 de
548 3025 626 3090 Lex.
658 3025 800 3112 Hesychii
828 3047 858 3110 p.
883 3025 937 3092 74.
970 3027 1039 3092 huie
1066 3032 1215 3116 sagaciter

110 3131 254 3196 restitnit.
300 3128 358 3192 Sed
379 3124 510 3216 κεροίαξ
537 3139 572 3192 ut
590 3123 722 3217 Ἐχοίαξ
748 3127 837 3192 Paus.
859 3129 904 3193 X.
927 3130 981 3206 25,
1003 3128 1036 3194 2.
1067 3134 1213 3220 composi·

67 3220 72 3230 ‘
110 3240 169 3296 tum
194 3244 244 3298 est
265 3251 283 3295 a
305 3229 425 3312 nomine
448 3230 562 3294 verbali
590 3232 676 3305 οἴαξ.
719 3229 818 3314 Atque
847 3227 935 3315 hujus
966 3233 1087 3317 generis
1110 3255 1215 3299 exem·
1293 3303 1296 3314 y

111 3334 156 3419 pla
184 3334 303 3400 abunde
334 3333 498 3409 habemus;
531 3331 655 3416 primum
681 3351 700 3396 a
730 3332 943 3418 monosyllabis
969 3329 1155 3424 Ιαιιιρόρρλαξ
1184 3347 1215 3400 et

111 3433 316 3523 Σαμόθρᾳξ.
337 3435 416 3520 quod
427 3434 606 3519 banytonum
624 3445 682 3510 est,
699 3433 824 3498 Luoian.
838 3435 892 3498 dea
907 3434 977 3520 Syr.
994 3435 1087 3520 §.15.
1100 3436 1212 3502 Athen.

109 3538 191 3604 XIV.
215 3537 293 3604 660.
326 3537 364 3600 E.
400 3535 560 3620 multisque
588 3536 655 3600 aliis
683 3535 757 3600 loois
779 3557 811 3600 ιι.
834 3535 979 3618 Aglaoph.
1009 3559 1039 3620 p.
1065 3535 1160 3602 1257.
1185 3550 1217 3603 et
1301 3611 1305 3622 ¹

111 3639 204 3706 1285.
216 3639 457 3706 uthammatioi
474 3640 583 3724 jubent
598 3637 711 3702 Aueod.
721 3659 750 3721 p.
763 3636 857 3704 1191.
881 3657 937 3702 neo
959 3658 1028 3704 nouo
1045 3649 1215 3726 oxptonum

108 3743 234 3809 Aristid.
257 3740 341 3806 Xlll.
366 3738 441 3806 189.
471 3740 508 3803 Τ.
533 3740 557 3804 1.
588 3761 619 3803 v.
643 3737 787 3821 Aglaoph.
820 3736 914 3805 1218.
944 3739 1111 3826 Goettling.
1136 3741 1159 3805 l.
1184 3765 1211 3807 ο.

107 3843 182 3912 289.
208 3854 243 3909 ut
264 3855 296 3908 et
316 3838 550 3930 ὀμφακοροῖγες
569 3838 693 3905 Anthol.
717 3839 780 3902 Pal.
801 3838 856 3904 IX.
881 3839 955 3905 561.
981 3842 1216 3928 discrepantibus

108 3945 206 4014 libris.
251 3933 327 4010 'l'um
360 3945 396 4010 ab
425 3945 493 4010 aliis
519 3939 732 4023 ναλλιδόναξ,
763 3943 971 4031 μικραὺλαξ,
995 3932 1215 4036 Λεὶχοπίναξ,

108 4048 387 4141 μιτοωροφέναξ,
410 4039 629 4136 παιδοιόραξ,
653 4041 889 4138 πολυάνθραξ,
913 4045 1139 4128 πολυοκύλαξ,
1164 4072 1216 4136 φι-
