2944 4888
303 323 360 388 ne
389 321 585 390 PRAECG.
614 319 817 388 EUPHON.
848 323 877 407 fi.
902 321 955 388 11.
1138 327 1188 396 65

99 513 265 593 permutante
300 499 389 589 μεθ’
412 502 547 592 ἡμέραν
572 500 630 570 καλ
654 498 786 587 νύκτωρ
813 501 891 566 Phil.
918 503 954 567 de
979 502 1062 568 cht.
1089 502 1185 590 Copb.

97 612 118 694 ᾗ.
138 608 171 684 3,
193 606 225 670 6.
248 601 337 691 μεθ’
356 603 490 692 ἡμέραν
512 596 711 679 solevendo
733 605 829 688 Epict.
855 604 907 670 lll.
930 605 992 683 24,
1014 604 1071 672 24.
1097 602 1188 694 μεθ’

96 710 209 796 ἡμέραν
230 708 287 775 καλ
308 699 416 774 νύκτα
438 707 527 772 Paua.
549 707 602 772 lV.
627 706 686 782 21,
710 706 742 772 6.
766 704 896 794 ἡμέραι
916 733 954 776 τε
975 709 1032 776 καλ
1052 706 1187 798 νύκτωρ

95 812 157 876 Plut.
182 813 217 874 de
240 812 321 875 Prol.
347 810 427 874 Virt.
452 808 477 874 1.
500 808 577 876 245.
608 808 737 897 ἡμέρας
762 810 819 877 καλ
843 805 964 884 νυκτός
991 811 1121 878 llerodo.
1145 813 1184 878 ll.

96 913 153 978 133.
175 913 282 978 Liban'.
307 912 344 976 Τ.
366 911 405 974 ll.
429 909 482 976 34.
509 908 643 1000 ἡμέραν
665 912 723 980 καλ
743 908 851 980 νύκτα
873 913 909 976 11.
936 911 1010 978 518.
1034 927 1187 999 postremo

93 1013 162 1083 καθ’
180 1013 317 1102 ἡμέραν
342 1014 399 1082 καλ
421 1010 552 1102 νύκτωρ
583 1015 661 1078 Phil.
685 1017 721 1080 de
744 1014 838 1100 Lqu.
863 1015 967 1100 Speoo.
993 1017 1024 1101 §-
1049 1016 1083 1093 7,
1105 1016 1183 1083 306.

93 1120 163 1182 biod.
183 1118 267 1184 XVl.
294 1115 354 1193 74,
379 1115 453 1184 170.
478 1119 530 1184 sed
552 1112 792 1204 καθ’ἡμέραν
813 1115 1012 1193 solevendo
1033 1118 1104 1182 XV.
1129 1117 1185 1196 26,

93 1221 152 1286 332.
174 1222 279 1306 quibus
302 1220 378 1284 loois
400 1215 485 1288 καθ’
501 1217 635 1306 ἡμέραν
658 1241 719 1284 non
742 1220 872 1304 quotidie
894 1221 1044 1304 signifieat
1066 1221 1118 1286 sed
1139 1222 1188 1286 in·

93 1325 187 1402 terdiu,
211 1325 290 1408 quod
314 1322 493 1388 Sebaeierus
515 1325 551 1387 ad
571 1324 725 1388 Demostb.
746 1323 783 1386 Τ.
801 1321 839 1386 11.
861 1343 891 1407 p.
912 1321 985 1387 190.
1010 1323 1076 1388 lieri
1098 1345 1187 1408 posse

93 1428 221 1510 neget⁷¹)
245 1427 360 1510 etjam
382 1425 452 1488 olim
475 1427 599 1510 negavit
618 1425 823 1490 Scbwebelius
844 1427 881 1490 ad
902 1427 1069 1490 Onosandr.
1090 1427 1185 1492 Strat.

91 1529 133 1593 tt.
155 1553 182 1614 p.
205 1527 260 1594 35.
308 1527 350 1592 Et
375 1528 408 1592 in
436 1527 586 1612 Tbeopbr.
619 1529 725 1594 Causs.
751 1528 803 1592 Vl.
834 1527 886 1592 17.
913 1526 946 1590 3.
976 1527 1037 1613 τὴς
1064 1525 1188 1604 abacto

92 1633 205 1718 μέλλον
226 1628 250 1717 ἡ
272 1626 362 1698 καθ’
381 1626 516 1716 ἡμέραν
538 1643 689 1715 postrema
711 1633 804 1698 rerba
825 1632 857 1695 in
881 1631 964 1696 codd.
990 1631 1110 1706 desunt,
1133 1629 1188 1696 sed

92 1735 115 1797 in
133 1735 235 1800 desub.
262 1733 399 1816 Cboepb.
424 1730 499 1798 817.
528 1731 636 1801 νύκτα
662 1730 784 1801 σκότον
807 1733 915 1820 φέρει,
946 1727 1033 1800 καθ’
1053 1732 1188 1820 ἡμέραν

93 1835 118 1902 d'
135 1835 227 1904 οὐδὲν
247 1835 525 1922 ἐμφανέστερον,
554 1837 639 1902 nulla
661 1845 708 1900 est
732 1837 876 1901 librorum
898 1835 1063 1910 dissensio,
1094 1835 1188 1900 idem·

93 1961 137 2023 que
156 1936 237 2007 καθ’
260 1936 398 2025 ἡμέραν
420 1941 564 2024 praebent
585 1941 718 2024 plerique
740 1941 772 2003 in
795 1939 962 2003 Onosandri
983 1940 1006 2002 l.
1030 1960 1057 2001 o.
1082 1957 1187 2002 omnes

92 2042 207 2107 Diodori.
240 2043 290 2106 Ad
309 2042 389 2106 aliud
407 2063 503 2126 genus
522 2053 637 2126 spectat
654 2043 799 2106 Planudes
818 2043 848 2106 in
867 2041 1067 2106 Grammatioa
1081 2041 1185 2127 Etym.

93 2143 156 2208 Gut.
177 2146 315 2232 subjecta
336 2167 365 2228 p.
388 2142 470 2220 660,
493 2143 548 2212 20.
572 2145 629 2211 καὶ
649 2144 749 2222 λέξεις
769 2143 1034 2230 μετατίθενται,
1058 2141 1133 2210 οἷον
1155 2145 1190 2212 εἴ

92 2271 132 2320 τις
155 2246 212 2322 τοὶς
242 2244 377 2334 σεμνοῖς
405 2247 492 2321 dade
520 2245 608 2321 θεας
638 2245 766 2333 σεμνοές
793 2247 896 2335 λέγει,
934 2247 990 2314 καλ
1017 2242 1058 2312 τὸ
1084 2254 1188 2314 θεῖον

93 2343 206 2438 έοσρον
229 2346 369 2437 ἄπορον
390 2358 510 2418 θεῖον·
535 2347 557 2437 ἡ
578 2348 641 2440 γοέρ
664 2350 936 2436 καθωμιλημένη
958 2346 1127 2434 surridens
1149 2347 1189 2418 τὸ

94 2449 202 2537 nepote
222 2450 411 2542 τοροτοέττει
432 2455 489 2522 καλ
510 2450 548 2521 τὸ
569 2462 684 2520 θεῖον.
731 2450 802 2520 Τύν
825 2455 900 2520 ἴσον
923 2452 958 2518 dt
980 2449 1109 2538 τρόπον
1131 2452 1189 2518 καὶ

92 2550 168 2641 λόγοι
190 2555 442 2642 μετατίθενται
469 2554 513 2630 oie
539 2554 578 2622 nd
604 2552 819 2642 καλούμενον
846 2557 960 2644 σχὴμα
984 2551 1188 2639 condolore-

93 2680 152 2742 ρον,
172 2659 245 2727 οῖον
271 2665 308 2726 οἳ
329 2657 363 2725 δ’
384 2654 513 2726 οένεσοέν
535 2685 572 2725 τε
593 2650 703 2732 πύλας
725 2659 782 2725 καλ
803 2655 948 2726 οἵτιώσαν
970 2652 1084 2746 όχὴας,
1110 2659 1187 2741 quod

93 2761 209 2840 schema,
234 2765 261 2828 si
288 2765 325 2826 ab
347 2763 465 2826 aurium
488 2763 704 2828 consuetudine
726 2763 885 2838 abhorret,
911 2761 1059 2846 prioribus
1082 2782 1186 2824 exem·

93 2861 136 2944 plis
155 2867 410 2930 adnumerandam
432 2877 490 2930 est.
535 2865 611 2930 Nam
636 2877 670 2929 ut
694 2888 750 2930 nos
775 2868 806 2930 in
831 2865 1010 2929 collocandis
1036 2875 1186 2928 certarum

94 2983 176 3030 rorum
207 2968 382 3033 nominibus
413 2970 548 3034 ordinem
579 2991 598 3034 a
629 2985 738 3034 natura
766 2969 983 3053 praescriptum
1015 2986 1184 3042 servemus,

95 3135 287 3154 nn-——ss

149 3255 189 3323 71)
210 3262 406 3324 Μιθημερινολ
424 3253 509 3328 γέμον
530 3274 570 3325 ap.
590 3258 784 3310 Demosthenem
806 3259 994 3324 interpretatus
1018 3272 1074 3306 snm
1098 3257 1183 3322 quodi-

96 3337 173 3392 de'oooe
188 3349 314 3412 nrtptiae,
333 3361 382 3395 nou
401 3351 497 3394 temere
515 3343 728 3412 festinanterque,
748 3353 778 3395 ut
794 3325 929 3395 sinautem
946 3344 1062 3402 videtur,
1082 3341 1126 3391 sed
1145 3357 1184 3391 se·

96 3427 188 3480 cundum
204 3431 344 3482 Auctorem
364 3432 395 3480 ad
413 3429 523 3481 Hereum
544 3429 586 3483 lV.
607 3431 650 3483 34.
676 3431 719 3497 qui
739 3433 785 3482 boe
803 3431 885 3497 ipsum
903 3398 1026 3479 sortassv
1036 3425 1128 3477 sumsit
1152 3442 1184 3475 cx

96 3506 254 3567 Demosthenis
274 3517 390 3567 oratione
409 3531 425 3566 a
443 3515 565 3567 Cicerone
586 3517 612 3566 in
629 3517 738 3569 latinum
757 3531 895 3575 converso,
922 3523 949 3566 et
967 3514 1028 3580 quin
1046 3528 1078 3562 ex
1095 3511 1183 3561 Plant.

97 3593 148 3648 dist.
166 3600 184 3652 l.
205 3604 233 3664 1,
252 3602 298 3655 43.
323 3604 388 3652 λοσε
410 3603 514 3670 quidem
538 3602 633 3654 cotidie
654 3606 712 3652 vtro
734 3603 811 3652 nubit
832 3602 988 3665 intelligitur
1010 3597 1184 3648 meretriculis

97 3686 228 3747 exprobrari
248 3688 420 3755 quotidianas
437 3691 555 3755 nuptias.
593 3687 674 3754 Saepe
692 3689 794 3754 quidem
812 3685 898 3754 κῶμοι
915 3694 942 3738 et
958 3689 1040 3737 ποτολ
1057 3685 1186 3750 μεθημε-

98 3771 166 3833 purat,
189 3773 214 3822 id
231 3781 272 3826 est
295 3789 388 3826 coenae
406 3777 589 3842 tempestivae,
615 3775 804 3841 exprobrantur
822 3772 963 3825 luxuriosis
980 3769 1049 3820 Plut.
1069 3770 1109 3820 An
1128 3769 1185 3820 seni

100 3865 154 3920 resp.
170 3855 212 3909 lV.
234 3861 293 3913 106.
312 3860 421 3912 Aristid.
439 3859 496 3912 XL.
518 3862 576 3914 505.
596 3857 686 3912 Vales.
705 3861 738 3910 ad
754 3859 829 3911 Dion.
847 3860 920 3910 Cass.
939 3856 972 3909 Τ.
984 3855 1017 3908 V.
1037 3873 1062 3923 p.
1080 3847 1123 3908 5οζ
1142 3856 1183 3905 ed.

100 3933 172 3991 Stura.
190 3943 233 3994 sed
251 3947 313 4012 quid
331 3947 445 3998 criminis
463 3948 558 3998 babent
575 3945 687 3998 diurnae
703 3949 834 4012 captiosa
860 3943 887 3997 Si
905 3944 1054 4003 concubitus
1073 3941 1183 4004 intelligi

99 4023 169 4076 voluit
184 4039 283 4094 orator,
310 4041 381 4085 certe
399 4034 534 4084 obscurius
552 4049 627 4100 quem
645 4033 764 4098 argutius
784 4033 907 4097 loquutus
924 4039 975 4082 est.
998 4058 1033 4068 —
1055 4017 1093 4079 οο
1111 4027 1183 4078 festi-

100 4110 186 4164 natione
206 4131 263 4168 mea
284 4126 355 4172 certe
378 4121 459 4172 miror
482 4135 526 4172 eos
548 4121 683 4190 conqueri,
710 4133 817 4187 quorum
836 4117 898 4170 libri
914 4131 1028 4170 meorum
1050 4127 1183 4168 numerum

99 4189 188 4264 decuplo
205 4211 333 4270 superant.
