2914 4882
168 308 222 378 nn
237 303 375 378 noum.
389 303 545 376 muer.
559 303 1010 377 muneremunere.
1028 307 1057 396 e.
1072 307 1125 378 tt.
1158 311 1229 382 aaa

118 491 265 560 nononis
292 487 444 556 menum
470 485 637 554 onneedeue
663 497 823 568 vermina,
856 483 936 556 buno
960 490 1131 576 aernpuimn
1160 495 1228 562 exi·

117 605 207 662 munt
223 585 384 682 τράπεζα,
405 588 555 680 τρίποζο,
578 589 694 676 aliaque
714 593 871 678 adjeetivu‚
895 614 971 678 quoe
990 613 1057 658 eum
1077 594 1228 681 signitu-

118 701 206 764 tione
227 695 481 764 substantivorum
503 694 745 760 terminationem
768 715 833 760 uem
854 707 1052 782 aooeperunt,
1079 721 1137 785 qua
1156 713 1230 768 sunt

117 802 312 868 substantiva
338 797 483 884 simplieia
504 820 542 862 .v.
566 797 695 862 Dissert.
719 797 850 863 debiat.
874 800 990 885 Adjeet.
1035 799 1075 865 m
1101 823 1144 868 ex
1171 804 1229 872 boo

117 905 187 990 ipso
210 923 323 990 μοοτο
345 912 393 967 est
412 894 576 990 eidpoddaep
597 899 653 967 aad
674 896 818 990 ddpope'p
841 898 944 990 φιάλη
965 903 1114 970 Theodori
1135 907 1226 994 Hyrt.

115 1031 150 1095 p.
175 1006 230 1074 61.
254 1009 287 1071 in
307 1006 421 1070 Aneod.
445 1005 582 1070 brisson.
605 1003 642 1067 Τ.
667 1000 718 1068 111.
764 1003 841 1070 Hine
866 1005 947 1070 latua
971 1006 1105 1092 aperitur
1132 1008 1230 1094 auspi·

116 1111 244 1176 uiarum
265 1129 395 1194 campus.
440 1107 486 1172 et
508 1106 630 1191 antiquo
651 1109 743 1172 verbo
764 1101 872 1196 u'ypiu
895 1107 1026 1195 (alpia)
1049 1131 1109 1174 non
1131 1111 1230 1178 solum

114 1209 269 1302 σύαγρος
295 1210 413 1278 ducitur
440 1221 472 1276 et
496 1205 682 1298 pouiuypoe,
718 1221 917 1296 neutrumque
943 1205 1140 1301 πόνογρον,
1175 1215 1230 1282 ted

116 1317 215 1382 etiam
236 1314 380 1380 feminina
398 1304 611 1400 βολονοέγρα,
634 1308 810 1402 πορόγρο,
831 1310 1027 1402 μοοὶγροοι
1046 1313 1227 1404 γολοοὶγρο,

115 1440 182 1504 quo
203 1425 266 1482 nort
287 1416 383 1481 solum
404 1416 636 1480 instrumentum
658 1428 798 1500 rapturae
826 1417 879 1482 sed
906 1427 938 1484 et
967 1437 1060 1482 meaa
1080 1417 1231 1504 signifiea-

10 1569 12 1574 ,
115 1533 175 1587 tur
201 1519 373 1606 pariterque
400 1517 577 1582 Theocritus
604 1517 629 1582 Ι.
654 1517 708 1584 52.
738 1539 860 1584 caveum
886 1520 1078 1586 asservaudis
1105 1521 1230 1587 loeustia

113 1615 358 1712 ἄκριδοθήρον
382 1622 521 1699 tonavit,
555 1643 610 1707 pro
637 1643 699 1720 quon
723 1623 807 1686 eodd.
836 1622 973 1686 uounubii
997 1614 1232 1712 α’κριδοθήκην

116 1728 269 1814 praebent
287 1725 436 1792 Meineltio
458 1726 625 1810 probatum.
659 1724 772 1792 Verum
794 1725 822 1800 si
843 1725 983 1792 similiter
1003 1727 1164 1794 terminata
1184 1735 1231 1792 at·

117 1829 292 1903 tendimns,
321 1821 516 1918 α’ροοθὴκη,
537 1819 763 1916 βιβλιοθήκῃ,
789 1824 959 1916 οἱοοθήοη
982 1837 1014 1893 et
1034 1849 1110 1914 quae
1130 1828 1230 1914 paullo

118 1943 196 1998 ante
217 1931 363 2016 produxi,
395 1951 431 1996 eo
452 1931 642 2012 adduoimur‚
674 1931 721 1996 bis
746 1931 915 1996 nominibus
940 1929 1103 2018 significari
1127 1931 1231 2000 tbeeaa

118 2035 190 2100 aive
220 2032 396 2118 apothecas,
433 2033 563 2098 armaria
591 2045 622 2098 et
650 2033 828 2119 repositoria
854 2055 957 2098 rerum
983 2033 1230 2114 inanimatorum,

118 2129 338 2224 οἷκριδοθήκη
357 2147 456 2202 autem
483 2157 544 2202 nou
566 2137 661 2222 magia
689 2137 747 2202 diei
767 2155 856 2222 posse
882 2158 969 2221 quam
990 2133 1151 2226 βοοθήοη
1179 2137 1232 2204 vel

119 2233 342 2328 ὄρνιθοθὴκη
370 2261 425 2324 pre
451 2234 679 2328 βοοσοαθμᾶς
708 2251 739 2304 et
768 2231 920 2327 ὄρνιθοῖν
951 2239 1016 2304 eive
1047 2237 1232 2328 ὀροιθοκο-

119 2357 237 2432 μεῖον.
280 2341 475 2408 Leeustarum
496 2353 596 2406 nutem
617 2343 809 2406 venationem
831 2361 893 2404 non
914 2337 1148 2429 α’κριδοθὴρον
1172 2343 1232 2408 diei

121 2446 272 2522 arbitror,
305 2447 358 2510 sed
382 2441 647 2534 οἲκριδοθηρίαο,
677 2454 712 2509 ut
733 2438 898 2532 εὐθηρίο,
924 2440 1109 2534 δοςθηρία,
1133 2445 1233 2532 φιλο-

120 2547 250 2638 epple,
275 2569 311 2614 ue
331 2550 358 2614 si
380 2549 481 2632 Gaza,
507 2560 541 2614 ut
562 2548 728 2633 Stephanus
749 2547 809 2624 uit,
837 2538 1057 2633 ὀρνιθοθήρα
1078 2547 1157 2612 dixit
1176 2567 1231 2632 pao

121 2653 269 2738 anoupie,
299 2662 382 2716 uerte
404 2673 423 2716 a
443 2652 532 2736 patrii
553 2651 701 2715 sermonis
724 2650 939 2718 eonsuetudiae
961 2649 1081 2714 deterit.
1125 2645 1231 2733 Neque
1267 2681 1272 2693 ·

117 2756 281 2845 panthera
301 2755 334 2818 iu
356 2754 472 2840 Ulpiani
492 2754 578 2818 loeoe
615 2751 874 2840 quamsecurium
890 2752 1015 2839 juetam
1035 2752 1116 2815 retia
1138 2771 1161 2815 a
1177 2751 1231 2838 ps·-

121 2869 250 2925 aeatore
270 2859 396 2921 emimus
416 2867 475 2922 aut
492 2857 673 2941 abduga'aem
688 2857 802 2943 plagia
816 2858 956 2942 positam
976 2875 997 2922 ο
1014 2864 1163 2920 venatore
1183 2852 1234 2918 vel

116 2961 310 3050 pantheram
337 2959 377 3024 ab
404 2981 539 3045 aamepe,
572 2981 627 3044 per
652 2979 686 3024 se
710 2959 859 3045 signifieat
884 2958 1002 3026 πᾶσαν
1026 2955 1092 3044 τήν
1111 2953 1231 3044 θήραν
1343 2963 1348 2972 ’

121 3066 209 3140 aive,
237 3073 272 3126 ut
292 3061 510 3148 Lenieegrapbi
532 3063 645 3139 nostri,
673 3063 733 3126 den
752 3083 882 3148 genuen
901 3062 1014 3150 Faeg,
1041 3062 1119 3146 quad
1139 3081 1232 3129 moa·

121 3163 233 3253 θηρία
254 3165 408 3230 dieendum
429 3165 554 3240 fuisset,
584 3167 638 3232 ued
657 3165 776 3249 proprie
801 3165 918 3249 quidem
942 3173 1027 3241 rete,
1057 3174 1162 3248 astque
1186 3163 1231 3228 ie·

122 3270 272 3336 minirum
293 3267 433 3353 adjectivi
453 3287 472 3330 a
492 3269 585 3336 verbo
607 3267 764 3352 conpositi
785 3263 984 3356 πάνθηρας,
1007 3267 1086 3351 quod
1106 3264 1231 3330 Romani

123 3372 269 3439 feminine
290 3369 472 3436 extulerunt
490 3369 667 3454 panthera,
699 3381 735 3436 ut
757 3379 903 3447 eroeotu,
931 3369 1037 3444 aiom,
1064 3365 1229 3452 onupbnra,

123 3477 257 3542 murum
278 3475 315 3538 ad
336 3471 554 3537 substantivum
575 3473 719 3555 meddam
739 3474 909 3538 referentes
925 3473 988 3558 jam
1006 3471 1057 3534 diu
1079 3467 1231 3534 ebdvione

124 3581 277 3644 obrutum.
313 3575 562 3657 Quemadmodum
580 3586 681 3639 numm
700 3595 842 3660 persaepe
861 3573 1020 3638 eontineuu
1038 3571 1159 3657 ponitur
1175 3591 1231 3655 pro

123 3689 287 3755 sementa,
318 3679 361 3744 ita
384 3679 437 3742 illo
464 3697 582 3762 quoque
602 3678 669 3742 loeo
687 3673 857 3764 οαοθήρο
882 3675 1032 3761 signidcut
1057 3672 1232 3738 uuiversum

123 3785 228 3850 avium
246 3782 359 3866 sopiam
381 3801 456 3866 qnae
476 3781 595 3846 intento
616 3789 684 3844 rete
701 3791 786 3866 eapte
807 3790 865 3844 est.
899 3777 944 3842 be
962 3799 1022 3863 pue
1039 3795 1131 3860 quum
1147 3785 1231 3839 reete

124 3885 333 3954 admonuisset
357 3883 520 3954 Salmasius
546 3883 584 3951 m
610 3882 654 3946 bd.
677 3881 729 3949 Ua.
752 3905 783 3968 p.
805 3880 881 3952 353.
911 3891 1027 3945 temere
1050 3877 1237 3966 obtepuutuu

125 4000 178 4054 eat
200 3986 358 4052 Duekerua
382 3987 420 4052 de
445 3986 547 4052 hdr.
572 3985 740 4054 Juriaoons.
768 4005 801 4071 p.
824 3981 900 4050 ³67.
928 3979 1040 4068 (tut.)
1050 3983 1100 4065 ⁹⁰)
1149 3977 1233 4043 idaeo

196 4211 243 4280 9⁰)
263 4210 379 4273 flerbae,
403 4225 470 4279 quae
487 4209 669 4266 altioreeride
686 4203 791 4282 dadypa
809 4215 838 4262 et
853 4199 994 4276 ὄνοθήρο,
1018 4221 1036 4257 a
1052 4203 1230 4273 Tbeopbmto

993 4301 1065 4370 25*
