2914 4882
238 292 312 362 arc
410 287 434 338 a
591 236 910 356 nnssnnrnrtc
938 282 978 354 v.

239 495 309 562 pars
330 471 454 558 antiqno
476 489 534 534 nen
554 468 681 549 sancita,
705 469 845 553 pleraque
866 467 1084 532 deflorescente
1105 465 1235 536 Graecia
1250 491 1270 535 a
1286 477 1351 538 me·

240 577 335 656 dicis,
365 571 540 636 rhizctcmis
570 571 755 654 aliarumque
776 572 886 636 artium
907 569 1090 634 antistitibus
1111 583 1253 656 recepta,
1277 595 1351 658 qno-

239 699 306 742 rum
328 675 474 738 rationem
498 671 608 736 nnllam
632 675 744 738 ducunt
768 673 916 738 sermonis
938 671 1040 758 graeci
1063 683 1234 736 exactores.
1280 675 1351 740 Alia

240 778 457 864 significantiae
492 797 580 840 causa
611 787 794 861 usurpantur
822 787 857 840 nt
882 766 1058 860 κυνάμυια
1068 826 1079 857 ,
1117 770 1350 864 πειθανάνιιη,

241 880 411 966 δαςελένη,
434 873 672 966 ιιορωνειιάβη,
694 888 747 942 aut
768 877 856 942 aliam
887 879 1032 961 quandam
1060 889 1162 941 notam
1194 880 1350 944 abnormis

241 983 371 1048 fictionis
397 1003 468 1066 prae
496 1002 530 1045 se
553 983 665 1044 ferunt.
720 979 784 1046 Nec
812 1001 905 1066 pauca
932 979 1201 1045 Grammaticorum
1224 981 1349 1068 judiciis

245 1086 382 1150 damnata
398 1086 515 1170 jacent,
539 1103 614 1168 quae
636 1081 693 1148 hoc
715 1081 780 1148 loco
802 1081 931 1149 strictim
953 1086 1137 1167 peicurram

730 1272 758 1356 p.
785 1270 838 1337 ιο.

325 1382 577 1480 Κνννλαρριάς,
607 1392 683 1477 quod
713 1390 818 1456 Critici
847 1387 985 1456 nonnulli
1011 1391 1142 1456 Homero
1176 1390 1350 1456 tribuerunt

240 1495 276 1560 Il.
300 1489 388 1558 XXI.
413 1493 487 1558 575.
525 1494 708 1558 Scholiastae
740 1493 921 1558 Simonidem
952 1494 985 1556 in
1017 1494 1186 1579 exemplum
1215 1495 1350 1558 traxisse

241 1608 367 1662 narrant
388 1597 439 1660 sed
462 1597 572 1660 factum
586 1599 770 1681 improbant;
795 1593 1011 1682 οπομωλίμνη
1028 1595 1202 1662 Aristarcho
1224 1607 1352 1660 anctore

239 1712 346 1788 poetae
368 1709 533 1774 exemtnm,
556 1720 654 1786 neque
675 1711 828 1784 acceptum
857 1709 905 1762 est
933 1681 1088 1784 ιεραῖπες
1112 1694 1191 1765 άντί
1217 1699 1282 1766 τοῦ
1310 1703 1352 1767 ἐν

240 1817 313 1878 τοῖς
334 1801 471 1888 νέραοιν
492 1799 567 1875 ἶπες
591 1801 644 1864 bd.
669 1800 757 1865 XXI.
781 1799 856 1865 395.
881 1800 946 1880 'Pro
969 1795 1176 1887 cccccccccc
1203 1813 1234 1866 ct
1267 1795 1352 1869 caic-

239 1929 319 1998 ρρος
336 1904 405 1988 qnid
426 1903 519 1968 Attici
544 1903 735 1988 probaverint
757 1901 944 1987 Phrynichus
966 1893 1235 1986 docet'cademque
1257 1925 1355 1988 opera

241 2005 394 2092 ingentem
418 2017 568 2070 catervam
590 2005 743 2068 nominum
773 2005 913 2068 similiter
935 2007 1163 2090 compositorum
1193 2007 1356 2092 proculcat

183 2179 187 2200 Ι
241 2121 273 2174 ct
289 2109 419 2195 jugulat.
464 2103 638 2172 Eustatbins
660 2130 689 2192 p.
712 2106 807 2184 1944,
831 2105 862 2170 7.
887 2103 911 2193 η’
933 2100 1033 2195 άγρία
1057 2111 1167 2182 ἔλαιον
1185 2107 1270 2176 κατά
1282 2110 1354 2176 Αἴ-

239 2213 315 2280 λιον
334 2205 517 2280 Διονύσιον
537 2211 624 2292 (adde
647 2199 794 2294 ιἰότινος)
815 2209 872 2276 καλ
901 2205 963 2276 οοίι
990 2205 1190 2298 άγριέλαιος.
1234 2212 1357 2276 Moeris

240 2313 457 2400 Μελίιιρατον
479 2307 633 2394 ductoris,
656 2309 807 2400 οἰνόμελι
825 2312 881 2378 aud
899 2305 1057 2398 άίρὸμελι
1073 2313 1267 2399 ἑλληνικῶς,
1289 2337 1357 2400 qno

241 2419 338 2484 edicto
360 2408 543 2504 ἰλαιάμελι,
565 2409 781 2502 ὄμφαιιάμελι
805 2426 836 2480 et
857 2427 958 2480 cetera
979 2415 1169 2500 rejiciuntur.
1215 2416 1356 2484 Galenus

241 2520 278 2586 de
302 2522 389 2585 Succ.
413 2523 496 2605 prob.
522 2513 575 2582 IV.
600 2517 674 2583 779.
698 2517 799 2583 T.V1.
822 2522 912 2594 τινὲς
933 2513 1002 2584 τάν
1026 2517 1200 2604 νεωτέρων
1218 2520 1355 2608 ἰατρῶν

241 2627 280 2691 έν
297 2621 453 2710 οννθένῳ
477 2619 682 2710 προςηρορέρι
707 2615 1015 2710 φοινικοβαλάνους
1036 2609 1264 2707 άνομάζονοιν
1283 2615 1357 2691 αὖ·

239 2721 332 2800 τούς*
358 2731 391 2792 οἱ
412 2725 448 2792 δὲ
466 2726 607 2792 παλαιοὶ
622 2715 783 2811 Ἕλληνες
804 2723 968 2811 φοινίκων
991 2715 1176 2812 βαλάνους.
1219 2726 1356 2814 Anony-

240 2851 307 2892 mns
329 2830 365 2892 de
387 2823 567 2892 Barbarism.
597 2828 630 2890 in
650 2827 765 2892 Aneod.
789 2828 928 2892 Boissnn.
958 2827 995 2892 T.
1020 2827 1071 2892 ttt.
1095 2827 1171 2894 239.
1203 2829 1281 2917 περὶ
1305 2823 1354 2900 τά

240 2919 398 3021 oppiparae
419 2928 662 3012 οολοιιιίζονσιν
682 2935 716 2996 οἱ
736 2929 890 3018 λέγοντες
910 2919 1069 3020 ὅνανρον.
1120 2929 1173 2998 Τά
1187 2928 1251 3019 γάρ
1268 2930 1356 3003 σύν·

238 3041 328 3102 θετα
350 3037 386 3098 ἐν
403 3031 592 3118 διαιρέσεως
605 3033 834 3120 προφέρονται
846 3029 1003 3100 Ἀττικοί.
1048 3033 1199 3100 Lucianns
1214 3035 1352 3122 Lexiph.
1438 3091 1439 3094 ,

240 3138 269 3222 §-
292 3135 325 3200 4.
349 3128 529 3223 ὀρθοπάλη
548 3137 751 3222 reprehendit,
775 3135 870 3220 quod,
893 3147 927 3200 nt
947 3123 1223 3222 άναιιλινοπάλη,
1247 3159 1355 3206 excu—
1440 3205 1441 3212 a

239 3238 386 3305 sationem
412 3237 500 3302 habet
522 3251 661 3322 tanquam
683 3239 858 3312 vocabulum
883 3236 969 3314 artis,
993 3239 1125 3322 antiquis
1147 3251 1247 3304 mmen
1272 3263 1356 3310 nen·
1440 3235 1441 3296 Ῠ

238 3351 319 3406 bum
348 3342 490 3406 usitatum
520 3363 556 3409 ac
588 3365 643 3428 pro
672 3340 724 3406 illo
756 3337 846 3428 ὀρθή
874 3330 966 3429 πάλη
996 3344 1105 3406 dictum
1135 3354 1193 3407 est.
1240 3343 1354 3412 Snidaa

234 3438 368 3532 Ἀριηίἰ
399 3436 692 3532 ἡμεῖς’πνράριην
714 3439 776 3510 οὐκ
800 3439 923 3530 ὀρθάς.
976 3445 1084 3522 Pollux
1105 3445 1129 3508 l.
1156 3436 1230 3510 103.
1255 3449 1354 3535 εἰρη-

238 3549 361 3618 vacuat
383 3535 567 3638 ἰατιοιιάπη
586 3548 686 3614 πλεῖν
705 3544 790 3614 άλλά
812 3548 949 3636 βέλτιον
969 3545 1104 3634 εἰρεσίᾳ,
1128 3549 1163 3612 de
1186 3570 1244 3632 qno
1266 3549 1352 3616 idem

237 3652 339 3728 νοέεις
362 3672 419 3716 nec
441 3651 550 3716 similia
572 3641 725 3740 οἰνοχόη,
754 3651 936 3740 γνιοπέιίη,
967 3673 985 3715 a
1006 3648 1159 3716 veteribus
1183 3651 1351 3730 declinata,

238 3754 287 3837 qni
311 3755 383 3818 hacc
408 3754 676 3817 instrumentorum
696 3755 816 3818 nomina
832 3756 989 3818 immutare
1005 3775 1063 3816 non
1078 3764 1253 3838 potnerunt,
1278 3778 1350 3820 nana

236 3851 432 3942 ιίιίρορῥοΐα,
454 3853 631 3943 γνιοπειίέα
659 3856 750 3921 aliurn
772 3857 917 3921 haherent
937 3855 1122 3920 intellectnm
1144 3857 1195 3921 vel
1217 3858 1350 3923 actionis
1440 3899 1441 3932 3

153 3989 155 3996 ·
238 3966 273 4018 nt
293 3957 496 4048 αἰμορῥοία,
526 3959 577 4023 vel
604 3959 662 4024 loci
692 3969 725 4023 ut
745 3957 977 4049 μιλτωραχία,Α
996 3955 1195 4042 λεωπετρία,
1214 3963 1296 4042 qnod
1318 3971 1350 4024 ct
1440 3951 1441 3966 ¹

237 4057 406 4146 λεωπέτρα
428 4052 570 4126 scribitur
594 4082 626 4128 v.
650 4061 837 4148 Wesseling.
865 4063 902 4126 ad
924 4059 1010 4126 Diod.
1034 4060 1087 4124 tu.
1113 4059 1165 4140 15,
1190 4059 1274 4127 abu·
1294 4067 1350 4152 dc-

238 4159 394 4251 ζωννχέα.
447 4164 505 4229 Sed
536 4185 611 4250 qnae
640 4165 717 4230 hanc
746 4165 988 4236 excusationem,
1004 4181 1066 4232 non
1093 4163 1227 4243 habent,
1254 4185 1349 4252 aegre
