2944 4888
354 385 412 450 os
443 381 639 450 annuae.
670 383 869 454 sunnon.
906 389 935 472 ς.
959 387 991 452 a.
1101 405 1104 412 r
1137 435 1139 442 .
1202 391 1227 456 a

113 565 243 652 Dionys
259 565 346 627 Antt.
362 561 442 626 VIII.
466 561 521 639 73,
548 561 642 628 1685.
667 558 870 652 πεφενάκικε
889 567 974 631 Dein.
992 564 1040 630 01.
1056 565 1093 630 11.
1110 567 1165 645 20,
1190 567 1222 634 5.

13 661 15 670 ’
112 667 193 732 Vale.
219 665 295 750 Leg.
322 663 398 740 363,
425 663 479 730 29.
511 658 720 740 dadtacudcas
744 667 911 754 Theopbyl.
936 667 1013 732 IIist.
1037 667 1089 733 III.
1113 669 1146 748 8,
1169 671 1223 736 73.

112 772 149 835 Α.
171 767 387 836 dedecorabat
409 766 519 830 Alban.
543 767 613 830 XII.
647 767 720 831 517.
751 769 785 832 Β.
808 769 1141 856 προπεπηλακκκότες
1168 773 1226 839 bio

113 872 199 936 Cass.
224 867 400 934 XXXVIII.
425 869 478 933 34.
508 883 772 956 προκεκαηκοῑαι
804 873 910 936 Soran.
939 875 974 936 de
993 875 1083 938 Matr.
1116 897 1144 959 p.
1169 874 1223 940 54.

113 983 318 1062 coronavero
345 971 443 1034 Strab.
465 971 534 1034 XII.
561 970 634 1035 544.
663 993 738 1057 quae
767 975 851 1038 nobis
881 975 997 1059 quidem
1028 977 1166 1041 cavillare
1194 986 1226 1040 et

113 1076 260 1140 cicurrire
288 1075 442 1138 videntur.
500 1073 581 1138 Ilaec
599 1085 717 1140 antem
746 1085 791 1139 tot
818 1077 907 1140 unius
937 1079 1058 1162 generis
1088 1078 1225 1162 exempla

111 1177 264 1244 cumulavi
284 1178 471 1262 potissimum
494 1173 531 1240 ob
557 1197 622 1240 eam
638 1197 770 1254 causam,
795 1177 1071 1262 quialluttmauuus
1088 1179 1221 1244 Granum.

110 1281 140 1364 §.
150 1279 205 1344 97.
224 1281 305 1342 Adn.
315 1279 348 1343 6.
363 1280 563 1364 perlectorum
581 1277 764 1362 quorundam
778 1280 927 1342 delectum
942 1280 984 1342 ita
1000 1283 1169 1364 excusavit,
1190 1292 1224 1346 ut

111 1383 166 1446 boc
181 1392 299 1465 tempos
313 1382 346 1444 in
363 1381 537 1450 uniuersum
552 1381 588 1444 ad
606 1403 691 1444 usum
712 1381 810 1444 minus
832 1381 1035 1445 necessarium
1051 1393 1081 1446 et
1099 1386 1131 1446 iu
1149 1405 1224 1448 uon·

111 1485 202 1549 quIis
212 1483 317 1550 verbis
330 1494 365 1546 ut
379 1483 579 1570 pronunciatu
592 1483 732 1568 asperius
749 1481 930 1547 declinatum
946 1503 1014 1547 esso
1032 1483 1220 1570 statuercu).

622 1674 652 1754 a.
677 1670 710 1736 a.

185 1785 325 1856 -Lambda
349 1790 590 1870 semivocalium,
624 1801 658 1854 ut
679 1791 842 1877 Dionysius
868 1791 928 1867 ait,
960 1791 1139 1855 suavissima
1164 1791 1223 1856 etei
1302 1815 1306 1822 ·

110 1896 141 1960 in
162 1907 292 1979 utroque
316 1913 456 1956 sermone
478 1894 551 1956 duas
576 1893 734 1957 continuas
756 1893 885 1979 syllabas
914 1915 975 1956 non
997 1913 1066 1957 raro
1093 1891 1220 1970 orditur,

109 1999 257 2082 λαῖλαψ,
279 1988 392 2074 dodel,
415 1987 533 2073 λαλός,
559 1987 667 2081 loligo,
692 1996 797 2059 lolium
820 2007 880 2060 ete.
904 2007 1004 2059 tamen
1027 2007 1147 2080 propter
1169 2017 1222 2060 an·

109 2101 313 2166 decedentium
333 2097 383 2162 ch
400 2097 642 2180 subsequentium
662 2097 817 2161 literarum
836 2107 972 2161 naturam
991 2099 1139 2162 interdum
1155 2097 1222 2162 loco

109 2225 163 2268 suo
193 2203 361 2268 concedere
391 2209 493 2263 coacta
521 2210 592 2262 est·
630 2199 733 2284 Neque
763 2201 843 2264 enim
871 2197 1072 2284 improbabilis
1102 2199 1223 2264 videtur

109 2305 182 2370 Ger.
203 2303 306 2368 Vossii
330 2294 429 2386 opinio
452 2323 505 2386 pro
528 2303 681 2365 εοεῐαὶοκε
702 2301 894 2366 substitutum
917 2321 984 2366 esse
1007 2303 1168 2365 coeruleus
1188 2310 1223 2364 ut

107 2408 246 2483 suevius,
271 2417 302 2468 et
320 2407 356 2468 ob
376 2404 499 2468 eandem
517 2423 636 2468 causam
655 2405 817 2468 nonnullos
833 2403 956 2466 Parilia
974 2404 1115 2468 maluisse
1135 2425 1222 2488 mam

106 2509 225 2574 Palilia
247 2509 368 2585 dicere3
392 2528 427 2570 ao
445 2507 547 2570 nescio
569 2527 608 2569 an
624 2506 731 2569 Graeci
754 2506 822 2590 ipsi,
848 2527 937 2589 quum
960 2506 1080 2593 pomina
1103 2505 1222 2589 proprIa

109 2611 248 2687 Cloelio,
283 2596 455 2686 Publilius}
492 2608 756 2694 pronunciarent,
784 2627 889 2691 sapore
918 2607 1042 2690 quodam
1073 2606 1222 2669 tranlismi

107 2714 240 2778 contacti
264 2713 336 2787 sint,
361 2703 499 2799 σκληρός
521 2711 621 2774 dicere
644 2710 781 2776 consueti
804 2707 835 2772 e't
853 2701 998 2794 πλήρης,
1022 2729 1083 2772 non
1105 2719 1140 2771 ut
1161 2706 1222 2794 δη-

105 2809 177 2898 λός,
201 2806 324 2904 βηλός,
355 2833 429 2896 quae
446 2813 573 2876 nomina
595 2833 781 2876 communem
797 2823 822 2876 'a
843 2812 944 2898 verbis
966 2811 1048 2895 puris
1072 2810 1221 2895 originem

106 2921 160 2982 scd
174 2919 327 2983 diversam
342 2935 561 2999 pro-consonae
583 2913 787 2978 antecedentis
810 2914 952 2999 qualitate
976 2913 1219 2978 terminationem

105 3020 230 3084 babent.
278 3018 421 3082 Similiter
439 3017 636 3081 Buttmannns
661 3018 826 3104 ἔκπαγλος
854 3028 885 3080 et
909 3008 1033 3090 πύελος
1054 3015 1220 3100 euphoniae

106 3143 199 3186 causa
221 3143 275 3206 pro
298 3121 483 3208 ἔκπλαγλος
504 3130 535 3186 et
555 3111 699 3194 πλιλολος
724 3120 817 3183 ascita
839 3129 940 3204 putat,
973 3139 1097 3202 quorum
1121 3129 1220 3202 poste·

103 3226 169 3290 rius
194 3233 315 3289 veteres
338 3227 439 3307 parum
464 3233 532 3307 apte
557 3244 575 3286 a
596 3221 683 3295 πὺος
706 3232 858 3305 repetunt,
888 3222 1013 3285 alterius
1036 3203 1136 3284 autem
1159 3219 1220 3283 ori·

106 3325 210 3410 ginem
237 3327 389 3410 aliquanto
413 3325 592 3409 probabilius
621 3345 707 3407 quam
730 3325 928 3387 buttmanuus
951 3323 1094 3407 explanat
1115 3323 1217 3408 Etym.

104 3429 146 3492 n.
173 3419 335 3504 323,'35.
372 3429 486 3492 Anecd.
512 3427 613 3490 Crem.
638 3425 662 3488 I.
688 3424 762 3498 156.
798 3419 867 3492 οἷπὸ
896 3425 958 3491 τοῦ
987 3407 1221 3510 ἐκπλήοοὸμαι

106 3532 276 3618 ἔκπλαγος
298 3531 354 3598 καὶ
373 3527 558 3617 ιλπερθέσει
576 3528 752 3614 ἔκπαγλος,
776 3530 860 3613 cujus
883 3529 909 3592 si
932 3528 1070 3610 exempla
1091 3525 1221 3609 proferri

107 3653 169 3698 non
198 3645 344 3718 possunt,
388 3643 488 3703 tamen
519 3630 657 3715 analogia
689 3630 882 3696 confirmatur
913 3629 1053 3695 similiter
1084 3624 1220 3711 figuratis

172 3921 201 3989 5)
219 3918 341 3988 Λέλεγα,
367 3923 433 3989 quod
458 3923 609 3973 inusitatum
628 3933 684 3970 esse
702 3919 782 3980 dicit,
807 3921 906 3984 legitor
923 3919 949 3968 iu
968 3916 1060 3969 Galen.
1080 3917 1174 3970 comm.
1194 3917 1220 3966 in

105 4004 133 4056 Ιι.
152 4008 184 4058 de
203 4006 280 4058 Ilum.
301 4006 334 4058 II·
361 4008 403 4069 123
429 4009 489 4064 250.
517 4008 548 4060 Τ.
565 4004 636 4058 XVI.
675 4001 775 4071 Λέλεγα
803 4014 829 4058 et
854 4002 942 4075 llloya
966 4003 1110 4072 Hesychius
1134 4001 1218 4055 allent.

104 4089 216 4144 Eandem
234 4094 353 4146 vocalem
372 4094 481 4145 densant
498 4090 585 4147 didone
601 4090 710 4155 Maleas.
730 4091 777 4158 Ep.
791 4090 908 4143 LXVIII.
928 4090 1058 4142 Heraclid.
1078 4089 1160 4150 alleg.
1175 4087 1219 4144 33,

104 4179 159 4233 too.
187 4177 311 4233 τετέλεκε
336 4178 467 4230 Demostb.
495 4188 521 4245 p.
546 4177 608 4237 295,
635 4178 678 4235 2⁹.
707 4179 783 4237 1081,
804 4177 845 4230 ld.
878 4175 951 4228 Diod.
978 4173 1009 4226 II.
1044 4173 1087 4227 60.
1121 4172 1218 4224 Iulian.

101 4265 143 4330 01.
161 4264 195 4322 II·
218 4266 279 4327 1⁰1.
301 4263 488 4331 προτετελέκει
505 4264 623 4333 Thucyd.
641 4262 685 4316 VI.
705 4265 747 4318 31.
