<?xml version="1.0" encoding="UTF-8"?>
<!DOCTYPE html PUBLIC "-//W3C//DTD XHTML 1.0 Transitional//EN"
    "http://www.w3.org/TR/xhtml1/DTD/xhtml1-transitional.dtd">
<html xmlns="http://www.w3.org/1999/xhtml" xml:lang="en" lang="en">
 <head>
  <title>
</title>
<meta http-equiv="Content-Type" content="text/html;charset=utf-8" />
  <meta name='ocr-system' content='tesseract 3.04.00' />
  <meta name='ocr-capabilities' content='ocr_page ocr_carea ocr_par ocr_line ocrx_word'/>
</head>
<body>
  <div class='ocr_page' id='page_1' title='image "./paralipomenagra00dindgoog_0125.png"; bbox 0 0 2940 4894; ppageno 0'>
   <div class='ocr_carea' id='block_1_1' title="bbox 223 290 983 395">
    <p class='ocr_par' dir='ltr' id='par_1_1' title="bbox 223 290 983 395">
     <span class='ocr_line' id='line_1_1' title="bbox 223 290 983 395; baseline -0.015 -22"><span class='ocrx_word' id='word_1_1' title='bbox 223 299 299 373; x_wconf 79' lang='lat'><strong>&#39;199</strong></span> <span class='ocrx_word' id='word_1_2' title='bbox 464 356 467 362; x_wconf 53' lang='grc'><strong>,</strong></span> <span class='ocrx_word' id='word_1_3' title='bbox 588 290 909 395; x_wconf 73' lang='lat' dir='ltr'><strong>ntssttttunrto</strong></span> <span class='ocrx_word' id='word_1_4' title='bbox 938 291 983 372; x_wconf 87' lang='grc' dir='ltr'><strong>ΙΙ.</strong></span> 
     </span>
    </p>
   </div>
   <div class='ocr_carea' id='block_1_2' title="bbox 125 465 1465 800">
    <p class='ocr_par' dir='ltr' id='par_1_2' title="bbox 125 465 1465 772">
     <span class='ocr_line' id='line_1_2' title="bbox 226 465 1465 570; baseline -0.006 -21"><span class='ocrx_word' id='word_1_5' title='bbox 226 481 327 568; x_wconf 70' lang='grc' dir='ltr'><strong><em>προιξ</em></strong></span> <span class='ocrx_word' id='word_1_6' title='bbox 348 484 540 546; x_wconf 75' lang='lat' dir='ltr'><strong>contractum</strong></span> <span class='ocrx_word' id='word_1_7' title='bbox 557 483 616 540; x_wconf 89' lang='lat' dir='ltr'><strong>est.</strong></span> <span class='ocrx_word' id='word_1_8' title='bbox 645 473 888 562; x_wconf 81' lang='lat' dir='ltr'><strong>Eustntltiusp.</strong></span> <span class='ocrx_word' id='word_1_9' title='bbox 912 474 989 553; x_wconf 88' lang='grc'><strong>321,</strong></span> <span class='ocrx_word' id='word_1_10' title='bbox 1012 473 1067 540; x_wconf 87' lang='grc'><strong>44.</strong></span> <span class='ocrx_word' id='word_1_11' title='bbox 1099 467 1217 554; x_wconf 63' lang='lat' dir='ltr'><strong>oeli&#39;</strong></span> <span class='ocrx_word' id='word_1_12' title='bbox 1192 471 1263 544; x_wconf 87' lang='grc' dir='ltr'><strong><em>σιπδ</em></strong></span> <span class='ocrx_word' id='word_1_13' title='bbox 1282 465 1349 544; x_wconf 76' lang='grc' dir='ltr'><strong>τοῦ</strong></span> <span class='ocrx_word' id='word_1_14' title='bbox 1464 491 1465 570; x_wconf 66' lang='grc' dir='ltr'><strong>ι</strong></span> 
     </span>
     <span class='ocr_line' id='line_1_3' title="bbox 227 567 1465 699; baseline -0.003 -51"><span class='ocrx_word' id='word_1_15' title='bbox 227 579 345 670; x_wconf 80' lang='grc' dir='ltr'><strong><em>στείχοι</em></strong></span> <span class='ocrx_word' id='word_1_16' title='bbox 375 575 431 646; x_wconf 93' lang='grc' dir='ltr'><strong>δια</strong></span> <span class='ocrx_word' id='word_1_17' title='bbox 460 570 618 668; x_wconf 87' lang='grc' dir='ltr'><strong><em>ιιχρόνον</em></strong></span> <span class='ocrx_word' id='word_1_18' title='bbox 643 567 931 668; x_wconf 72' lang='grc' dir='ltr'><strong>παραγόμενον,</strong></span> <span class='ocrx_word' id='word_1_19' title='bbox 937 583 1011 648; x_wconf 77' lang='grc' dir='ltr'><strong><em>ἐπει</em></strong></span> <span class='ocrx_word' id='word_1_20' title='bbox 1001 571 1183 664; x_wconf 77' lang='grc' dir='ltr'><strong><em>ἰ”ιιηδν</em></strong></span> <span class='ocrx_word' id='word_1_21' title='bbox 1164 601 1279 699; x_wconf 72' lang='lat' dir='ltr'><strong>oropo</strong></span> <span class='ocrx_word' id='word_1_22' title='bbox 1299 581 1350 652; x_wconf 82' lang='grc' dir='ltr'><strong>εἰς</strong></span> <span class='ocrx_word' id='word_1_23' title='bbox 1464 573 1465 602; x_wconf 66' lang='lat'><strong>.</strong></span> 
     </span>
     <span class='ocr_line' id='line_1_4' title="bbox 125 671 1352 800; baseline -0.005 -47"><span class='ocrx_word' id='word_1_24' title='bbox 125 683 127 688; x_wconf 73' lang='grc'><strong>’</strong></span> <span class='ocrx_word' id='word_1_25' title='bbox 228 683 424 772; x_wconf 76' lang='grc' dir='ltr'><strong><em>διφδογγον</em></strong></span> <span class='ocrx_word' id='word_1_26' title='bbox 445 671 539 769; x_wconf 73' lang='grc' dir='ltr'><strong><em>λήνει</em></strong></span> <span class='ocrx_word' id='word_1_27' title='bbox 560 705 649 767; x_wconf 77' lang='lat' dir='ltr'><strong>poeno</strong></span> <span class='ocrx_word' id='word_1_28' title='bbox 642 676 805 748; x_wconf 75' lang='grc' dir='ltr'><strong><em>διπλοῦ</em></strong></span> <span class='ocrx_word' id='word_1_29' title='bbox 817 676 978 762; x_wconf 75' lang='grc' dir='ltr'><strong><em>οἷποιθῶς,</em></strong></span> <span class='ocrx_word' id='word_1_30' title='bbox 1008 678 1059 748; x_wconf 88' lang='grc' dir='ltr'><strong>διό</strong></span> <span class='ocrx_word' id='word_1_31' title='bbox 1079 677 1183 754; x_wconf 70' lang='lat' dir='ltr'><strong>tot‘</strong></span> <span class='ocrx_word' id='word_1_32' title='bbox 1158 706 1181 766; x_wconf 83' lang='grc' dir='ltr'><em>η</em></span> <span class='ocrx_word' id='word_1_33' title='bbox 1202 679 1263 766; x_wconf 71' lang='grc' dir='ltr'><strong>τῆς</strong></span> <span class='ocrx_word' id='word_1_34' title='bbox 1283 703 1352 800; x_wconf 73' lang='lat' dir='ltr'><strong>po-</strong></span> 
     </span>
    </p>
   </div>
   <div class='ocr_carea' id='block_1_3' title="bbox 226 779 1353 986">
    <p class='ocr_par' dir='ltr' id='par_1_3' title="bbox 226 779 1353 986">
     <span class='ocr_line' id='line_1_5' title="bbox 226 779 1352 872; baseline -0.005 -16"><span class='ocrx_word' id='word_1_35' title='bbox 226 782 345 860; x_wconf 87' lang='grc' dir='ltr'><strong><em>ναικός</em></strong></span> <span class='ocrx_word' id='word_1_36' title='bbox 368 780 492 851; x_wconf 74' lang='grc' dir='ltr'><strong><em>εὐθεῖα</em></strong></span> <span class='ocrx_word' id='word_1_37' title='bbox 514 779 743 870; x_wconf 76' lang='lat' dir='ltr'><strong>oeolyopoott,‘</strong></span> <span class='ocrx_word' id='word_1_38' title='bbox 719 808 741 869; x_wconf 76' lang='grc' dir='ltr'><strong>ι]</strong></span> <span class='ocrx_word' id='word_1_39' title='bbox 764 782 801 850; x_wconf 79' lang='grc' dir='ltr'><strong>δι’</strong></span> <span class='ocrx_word' id='word_1_40' title='bbox 820 808 859 872; x_wconf 74' lang='grc' dir='ltr'><strong>νε</strong></span> <span class='ocrx_word' id='word_1_41' title='bbox 879 789 979 870; x_wconf 81' lang='grc' dir='ltr'><strong><em>προῖξ</em></strong></span> <span class='ocrx_word' id='word_1_42' title='bbox 1000 783 1074 869; x_wconf 80' lang='grc' dir='ltr'><strong><em>(ιιι)</em></strong></span> <span class='ocrx_word' id='word_1_43' title='bbox 1097 783 1191 869; x_wconf 84' lang='grc' dir='ltr'><strong><em>καὶη</em></strong></span> <span class='ocrx_word' id='word_1_44' title='bbox 1184 780 1300 861; x_wconf 66' lang='grc' dir='ltr'><strong>εαἴξ</strong></span> <span class='ocrx_word' id='word_1_45' title='bbox 1277 779 1352 850; x_wconf 88' lang='grc' dir='ltr'><strong>από</strong></span> 
     </span>
     <span class='ocr_line' id='line_1_6' title="bbox 229 876 1353 986; baseline -0.006 -29"><span class='ocrx_word' id='word_1_46' title='bbox 229 886 454 986; x_wconf 72' lang='grc' dir='ltr'><strong><em>σνναιρόιειις</em></strong></span> <span class='ocrx_word' id='word_1_47' title='bbox 479 889 545 976; x_wconf 80' lang='grc' dir='ltr'><strong><em>ἔχει</em></strong></span> <span class='ocrx_word' id='word_1_48' title='bbox 565 884 627 958; x_wconf 76' lang='grc' dir='ltr'><strong><em>τοὶς</em></strong></span> <span class='ocrx_word' id='word_1_49' title='bbox 649 876 870 974; x_wconf 74' lang='grc' dir='ltr'><strong><em>διφδόγγοος.</em></strong></span> <span class='ocrx_word' id='word_1_50' title='bbox 913 886 1018 972; x_wconf 84' lang='lat' dir='ltr'>Neque</span> <span class='ocrx_word' id='word_1_51' title='bbox 1032 885 1353 970; x_wconf 73' lang='lat' dir='ltr'><strong>paueorumestdaeo</strong></span> 
     </span>
    </p>
   </div>
   <div class='ocr_carea' id='block_1_4' title="bbox 99 987 1354 1077">
    <p class='ocr_par' dir='ltr' id='par_1_4' title="bbox 99 987 1354 1077">
     <span class='ocr_line' id='line_1_7' title="bbox 99 987 1354 1077; baseline -0.002 -21"><span class='ocrx_word' id='word_1_52' title='bbox 99 1013 102 1020; x_wconf 93' lang='lat'>·</span> <span class='ocrx_word' id='word_1_53' title='bbox 213 991 331 1077; x_wconf 48' lang='lat' dir='ltr'><strong>¹opinio</strong></span> <span class='ocrx_word' id='word_1_54' title='bbox 361 990 414 1056; x_wconf 91' lang='lat' dir='ltr'><strong>sed</strong></span> <span class='ocrx_word' id='word_1_55' title='bbox 436 989 501 1054; x_wconf 87' lang='lat' dir='ltr'><strong>fere</strong></span> <span class='ocrx_word' id='word_1_56' title='bbox 523 989 556 1052; x_wconf 88' lang='lat' dir='ltr'><strong>in</strong></span> <span class='ocrx_word' id='word_1_57' title='bbox 577 987 687 1072; x_wconf 80' lang='lat' dir='ltr'><strong>vulgus</strong></span> <span class='ocrx_word' id='word_1_58' title='bbox 708 999 847 1072; x_wconf 84' lang='lat' dir='ltr'><strong>recepta,</strong></span> <span class='ocrx_word' id='word_1_59' title='bbox 876 987 977 1076; x_wconf 83' lang='grc' dir='ltr'><strong><em>προίξ</em></strong></span> <span class='ocrx_word' id='word_1_60' title='bbox 998 990 1129 1054; x_wconf 85' lang='lat' dir='ltr'>indidem</span> <span class='ocrx_word' id='word_1_61' title='bbox 1151 990 1354 1074; x_wconf 78' lang='lat' dir='ltr'><strong>compositum</strong></span> 
     </span>
    </p>
   </div>
   <div class='ocr_carea' id='block_1_5' title="bbox 229 1089 1354 1384">
    <p class='ocr_par' dir='ltr' id='par_1_5' title="bbox 229 1089 1354 1384">
     <span class='ocr_line' id='line_1_8' title="bbox 229 1089 1354 1179; baseline -0.004 -19"><span class='ocrx_word' id='word_1_62' title='bbox 229 1115 311 1174; x_wconf 90' lang='lat' dir='ltr'><strong>esse,</strong></span> <span class='ocrx_word' id='word_1_63' title='bbox 335 1093 413 1158; x_wconf 90' lang='lat' dir='ltr'><strong>unde</strong></span> <span class='ocrx_word' id='word_1_64' title='bbox 435 1095 645 1179; x_wconf 75' lang='grc' dir='ltr'><strong><em>προΐοιοριοιι</em></strong></span> <span class='ocrx_word' id='word_1_65' title='bbox 666 1089 836 1175; x_wconf 68' lang='lat' dir='ltr'><strong>olidusque</strong></span> <span class='ocrx_word' id='word_1_66' title='bbox 864 1113 950 1176; x_wconf 83' lang='lat' dir='ltr'><strong>quarn</strong></span> <span class='ocrx_word' id='word_1_67' title='bbox 979 1091 1113 1156; x_wconf 82' lang='lat' dir='ltr'><strong>latinum</strong></span> <span class='ocrx_word' id='word_1_68' title='bbox 1129 1113 1237 1178; x_wconf 76' lang='lat' dir='ltr'><strong>pren,</strong></span> <span class='ocrx_word' id='word_1_69' title='bbox 1267 1092 1354 1156; x_wconf 90' lang='lat' dir='ltr'><strong>unde</strong></span> 
     </span>
     <span class='ocr_line' id='line_1_9' title="bbox 229 1194 1350 1283; baseline -0.004 -22"><span class='ocrx_word' id='word_1_70' title='bbox 229 1196 357 1262; x_wconf 90' lang='lat' dir='ltr'><strong>oriunda</strong></span> <span class='ocrx_word' id='word_1_71' title='bbox 386 1205 458 1260; x_wconf 89' lang='lat' dir='ltr'><strong>sunt</strong></span> <span class='ocrx_word' id='word_1_72' title='bbox 485 1213 605 1279; x_wconf 81' lang='lat' dir='ltr'><strong>proauo</strong></span> <span class='ocrx_word' id='word_1_73' title='bbox 636 1205 667 1258; x_wconf 92' lang='lat' dir='ltr'><strong>et</strong></span> <span class='ocrx_word' id='word_1_74' title='bbox 688 1212 834 1278; x_wconf 75' lang='lat' dir='ltr'><strong>pronon,</strong></span> <span class='ocrx_word' id='word_1_75' title='bbox 871 1194 998 1283; x_wconf 81' lang='lat' dir='ltr'><strong>originis</strong></span> <span class='ocrx_word' id='word_1_76' title='bbox 1034 1207 1136 1260; x_wconf 74' lang='lat' dir='ltr'><strong>noum</strong></span> <span class='ocrx_word' id='word_1_77' title='bbox 1171 1195 1350 1258; x_wconf 78' lang='lat' dir='ltr'><strong>ostendere.</strong></span> 
     </span>
     <span class='ocr_line' id='line_1_10' title="bbox 230 1295 1354 1384; baseline -0.002 -22"><span class='ocrx_word' id='word_1_78' title='bbox 230 1298 289 1363; x_wconf 85' lang='lat' dir='ltr'><strong>Sed</strong></span> <span class='ocrx_word' id='word_1_79' title='bbox 310 1299 347 1366; x_wconf 89' lang='lat' dir='ltr'><strong>ab</strong></span> <span class='ocrx_word' id='word_1_80' title='bbox 369 1297 426 1362; x_wconf 90' lang='lat' dir='ltr'><strong>hoo</strong></span> <span class='ocrx_word' id='word_1_81' title='bbox 447 1295 582 1364; x_wconf 77' lang='lat' dir='ltr'><strong>obsoleto</strong></span> <span class='ocrx_word' id='word_1_82' title='bbox 605 1297 635 1373; x_wconf 74' lang='grc' dir='ltr'><strong>ἴε</strong></span> <span class='ocrx_word' id='word_1_83' title='bbox 656 1295 722 1360; x_wconf 90' lang='lat' dir='ltr'><strong>sive</strong></span> <span class='ocrx_word' id='word_1_84' title='bbox 745 1295 806 1373; x_wconf 77' lang='grc' dir='ltr'><strong><em>ἶξις</em></strong></span> <span class='ocrx_word' id='word_1_85' title='bbox 832 1298 1027 1382; x_wconf 80' lang='lat' dir='ltr'><strong>compositum</strong></span> <span class='ocrx_word' id='word_1_86' title='bbox 1047 1303 1146 1384; x_wconf 81' lang='grc' dir='ltr'><strong><em>προΐξ</em></strong></span> <span class='ocrx_word' id='word_1_87' title='bbox 1165 1307 1266 1363; x_wconf 89' lang='lat' dir='ltr'><strong>utrum</strong></span> <span class='ocrx_word' id='word_1_88' title='bbox 1282 1315 1354 1360; x_wconf 92' lang='lat' dir='ltr'><strong>ser-</strong></span> 
     </span>
    </p>
   </div>
   <div class='ocr_carea' id='block_1_6' title="bbox 197 1397 1465 1594">
    <p class='ocr_par' dir='ltr' id='par_1_6' title="bbox 197 1397 1465 1594">
     <span class='ocr_line' id='line_1_11' title="bbox 197 1397 1465 1489; baseline -0.002 -24"><span class='ocrx_word' id='word_1_89' title='bbox 197 1469 199 1472; x_wconf 69' lang='grc'><strong>,</strong></span> <span class='ocrx_word' id='word_1_90' title='bbox 229 1411 285 1466; x_wconf 88' lang='lat' dir='ltr'><strong>vet</strong></span> <span class='ocrx_word' id='word_1_91' title='bbox 305 1409 462 1464; x_wconf 82' lang='lat' dir='ltr'><strong>noeentum</strong></span> <span class='ocrx_word' id='word_1_92' title='bbox 486 1397 628 1484; x_wconf 84' lang='lat' dir='ltr'><strong>simplicis</strong></span> <span class='ocrx_word' id='word_1_93' title='bbox 654 1403 695 1460; x_wconf 83' lang='lat' dir='ltr'><strong>an</strong></span> <span class='ocrx_word' id='word_1_94' title='bbox 715 1397 853 1488; x_wconf 83' lang='lat' dir='ltr'><strong>retrahat</strong></span> <span class='ocrx_word' id='word_1_95' title='bbox 878 1421 914 1465; x_wconf 87' lang='lat' dir='ltr'><strong>ao</strong></span> <span class='ocrx_word' id='word_1_96' title='bbox 940 1401 1067 1486; x_wconf 82' lang='lat' dir='ltr'><strong>proinde</strong></span> <span class='ocrx_word' id='word_1_97' title='bbox 1093 1398 1192 1489; x_wconf 81' lang='grc' dir='ltr'><strong><em>προίξ</em></strong></span> <span class='ocrx_word' id='word_1_98' title='bbox 1212 1399 1355 1464; x_wconf 86' lang='lat' dir='ltr'><strong>seriben·</strong></span> <span class='ocrx_word' id='word_1_99' title='bbox 1464 1403 1465 1410; x_wconf 76' lang='grc'>’</span> 
     </span>
     <span class='ocr_line' id='line_1_12' title="bbox 228 1499 1465 1594; baseline -0.002 -26"><span class='ocrx_word' id='word_1_100' title='bbox 228 1503 298 1570; x_wconf 89' lang='lat' dir='ltr'><strong>dum</strong></span> <span class='ocrx_word' id='word_1_101' title='bbox 326 1503 431 1567; x_wconf 87' lang='lat' dir='ltr'><strong>sitan</strong></span> <span class='ocrx_word' id='word_1_102' title='bbox 460 1505 571 1590; x_wconf 83' lang='grc' dir='ltr'><strong><em>προῖξ,</em></strong></span> <span class='ocrx_word' id='word_1_103' title='bbox 601 1501 704 1564; x_wconf 85' lang='lat' dir='ltr'><strong>eedem</strong></span> <span class='ocrx_word' id='word_1_104' title='bbox 730 1511 778 1564; x_wconf 90' lang='lat' dir='ltr'><strong>est</strong></span> <span class='ocrx_word' id='word_1_105' title='bbox 801 1502 949 1586; x_wconf 77' lang='lat' dir='ltr'><strong>quaestio,</strong></span> <span class='ocrx_word' id='word_1_106' title='bbox 980 1524 1065 1586; x_wconf 86' lang='lat' dir='ltr'><strong>quae·</strong></span> <span class='ocrx_word' id='word_1_107' title='bbox 1086 1504 1123 1567; x_wconf 91' lang='lat' dir='ltr'><strong>de</strong></span> <span class='ocrx_word' id='word_1_108' title='bbox 1151 1499 1295 1589; x_wconf 82' lang='grc' dir='ltr'><strong><em>διόσφαξ</em></strong></span> <span class='ocrx_word' id='word_1_109' title='bbox 1318 1512 1354 1566; x_wconf 90' lang='lat' dir='ltr'><strong>et</strong></span> <span class='ocrx_word' id='word_1_110' title='bbox 1464 1589 1465 1594; x_wconf 8' lang='grc' dir='ltr'>ἵ</span> 
     </span>
    </p>
   </div>
   <div class='ocr_carea' id='block_1_7' title="bbox 227 1599 1352 1900">
    <p class='ocr_par' dir='ltr' id='par_1_7' title="bbox 227 1599 1352 1900">
     <span class='ocr_line' id='line_1_13' title="bbox 229 1599 1352 1693; baseline -0.02 -19"><span class='ocrx_word' id='word_1_111' title='bbox 229 1599 375 1693; x_wconf 61' lang='lat' dir='ltr'><strong>druogoni&amp;</strong></span> <span class='ocrx_word' id='word_1_112' title='bbox 397 1605 592 1687; x_wconf 87' lang='lat' dir='ltr'><strong>omnibusque</strong></span> <span class='ocrx_word' id='word_1_113' title='bbox 613 1600 755 1666; x_wconf 90' lang='lat' dir='ltr'><strong>similiter</strong></span> <span class='ocrx_word' id='word_1_114' title='bbox 777 1605 950 1688; x_wconf 81' lang='lat' dir='ltr'><strong>compositis</strong></span> <span class='ocrx_word' id='word_1_115' title='bbox 970 1606 1113 1690; x_wconf 83' lang='lat' dir='ltr'><strong>agitatur.</strong></span> <span class='ocrx_word' id='word_1_116' title='bbox 1155 1605 1352 1692; x_wconf 65' lang='lat' dir='ltr'><strong>Properispa.</strong></span> 
     </span>
     <span class='ocr_line' id='line_1_14' title="bbox 228 1698 1349 1796; baseline -0.004 -21"><span class='ocrx_word' id='word_1_117' title='bbox 228 1710 273 1776; x_wconf 87' lang='lat' dir='ltr'><strong>sis</strong></span> <span class='ocrx_word' id='word_1_118' title='bbox 299 1707 463 1774; x_wconf 80' lang='lat' dir='ltr'><strong>accusativi</strong></span> <span class='ocrx_word' id='word_1_119' title='bbox 484 1719 625 1792; x_wconf 82' lang='grc' dir='ltr'><strong><em>προῖκα,</em></strong></span> <span class='ocrx_word' id='word_1_120' title='bbox 656 1727 742 1790; x_wconf 90' lang='lat' dir='ltr'><strong>quem</strong></span> <span class='ocrx_word' id='word_1_121' title='bbox 774 1711 808 1774; x_wconf 87' lang='grc' dir='ltr'><strong>οἱ</strong></span> <span class='ocrx_word' id='word_1_122' title='bbox 831 1701 951 1782; x_wconf 78' lang='grc' dir='ltr'><strong><em>Ἴωνες</em></strong></span> <span class='ocrx_word' id='word_1_123' title='bbox 983 1707 1194 1796; x_wconf 73' lang='grc' dir='ltr'><strong><em>διαιροῦντες</em></strong></span> <span class='ocrx_word' id='word_1_124' title='bbox 1218 1698 1349 1794; x_wconf 86' lang='grc' dir='ltr'><strong><em>πρόὶιιοι</em></strong></span> 
     </span>
     <span class='ocr_line' id='line_1_15' title="bbox 227 1807 1352 1900; baseline -0.005 -20"><span class='ocrx_word' id='word_1_125' title='bbox 227 1807 364 1900; x_wconf 72' lang='grc' dir='ltr'><strong><em>λέγουσι</em></strong></span> <span class='ocrx_word' id='word_1_126' title='bbox 384 1811 487 1896; x_wconf 88' lang='lat' dir='ltr'><strong>Etym.</strong></span> <span class='ocrx_word' id='word_1_127' title='bbox 509 1809 553 1874; x_wconf 91' lang='lat' dir='ltr'><strong>M.</strong></span> <span class='ocrx_word' id='word_1_128' title='bbox 584 1807 661 1885; x_wconf 89' lang='grc'><strong>495,</strong></span> <span class='ocrx_word' id='word_1_129' title='bbox 692 1807 746 1875; x_wconf 89' lang='grc'><strong>32.</strong></span> <span class='ocrx_word' id='word_1_130' title='bbox 779 1809 891 1876; x_wconf 91' lang='lat' dir='ltr'><strong>nullius</strong></span> <span class='ocrx_word' id='word_1_131' title='bbox 921 1811 1049 1876; x_wconf 87' lang='lat' dir='ltr'><strong>habetur</strong></span> <span class='ocrx_word' id='word_1_132' title='bbox 1075 1813 1111 1876; x_wconf 89' lang='lat' dir='ltr'><strong>ad</strong></span> <span class='ocrx_word' id='word_1_133' title='bbox 1140 1810 1352 1898; x_wconf 73' lang='lat' dir='ltr'><strong>probationem</strong></span> 
     </span>
    </p>
   </div>
   <div class='ocr_carea' id='block_1_8' title="bbox 92 1912 1352 2004">
    <p class='ocr_par' dir='ltr' id='par_1_8' title="bbox 92 1912 1352 2004">
     <span class='ocr_line' id='line_1_16' title="bbox 92 1912 1352 2004; baseline -0.002 -23"><span class='ocrx_word' id='word_1_134' title='bbox 92 1999 94 2004; x_wconf 23' lang='grc' dir='ltr'>Ι</span> <span class='ocrx_word' id='word_1_135' title='bbox 227 1914 392 1991; x_wconf 79' lang='lat' dir='ltr'><strong>momenti3</strong></span> <span class='ocrx_word' id='word_1_136' title='bbox 422 1935 491 1979; x_wconf 89' lang='lat' dir='ltr'><strong>nam</strong></span> <span class='ocrx_word' id='word_1_137' title='bbox 513 1913 593 1976; x_wconf 88' lang='lat' dir='ltr'><strong>idem</strong></span> <span class='ocrx_word' id='word_1_138' title='bbox 616 1921 663 1976; x_wconf 88' lang='lat' dir='ltr'><strong>est</strong></span> <span class='ocrx_word' id='word_1_139' title='bbox 683 1923 826 1978; x_wconf 87' lang='lat' dir='ltr'><strong>aooentus</strong></span> <span class='ocrx_word' id='word_1_140' title='bbox 845 1912 1249 2002; x_wconf 72' lang='lat' dir='ltr'><strong>aoeusetivorumpiepioioo,</strong></span> <span class='ocrx_word' id='word_1_141' title='bbox 1270 1935 1352 1999; x_wconf 85' lang='grc' dir='ltr'><strong><em>κερ-</em></strong></span> 
     </span>
    </p>
   </div>
   <div class='ocr_carea' id='block_1_9' title="bbox 107 2010 1465 3337">
    <p class='ocr_par' dir='ltr' id='par_1_9' title="bbox 228 2010 1351 2203">
     <span class='ocr_line' id='line_1_17' title="bbox 228 2010 1351 2132; baseline -0.004 -48"><span class='ocrx_word' id='word_1_142' title='bbox 228 2015 348 2108; x_wconf 78' lang='grc' dir='ltr'><strong><em>χνῂδα,</em></strong></span> <span class='ocrx_word' id='word_1_143' title='bbox 370 2015 487 2102; x_wconf 78' lang='grc' dir='ltr'><strong><em>κλᾷδα,</em></strong></span> <span class='ocrx_word' id='word_1_144' title='bbox 513 2015 677 2104; x_wconf 78' lang='grc' dir='ltr'><strong><em>πρῶνα</em></strong></span> <span class='ocrx_word' id='word_1_145' title='bbox 657 2026 717 2080; x_wconf 86' lang='grc' dir='ltr'><strong><em>ιιι.</em></strong></span> <span class='ocrx_word' id='word_1_146' title='bbox 742 2010 818 2132; x_wconf 72' lang='lat' dir='ltr'><strong>puae</strong></span> <span class='ocrx_word' id='word_1_147' title='bbox 840 2037 929 2080; x_wconf 91' lang='lat' dir='ltr'><strong>nemo</strong></span> <span class='ocrx_word' id='word_1_148' title='bbox 950 2017 995 2084; x_wconf 86' lang='lat' dir='ltr'><strong>sio</strong></span> <span class='ocrx_word' id='word_1_149' title='bbox 1014 2027 1049 2082; x_wconf 91' lang='lat' dir='ltr'><strong>ut</strong></span> <span class='ocrx_word' id='word_1_150' title='bbox 1062 2017 1240 2102; x_wconf 79' lang='lat' dir='ltr'><strong>Bernhardy</strong></span> <span class='ocrx_word' id='word_1_151' title='bbox 1256 2016 1351 2084; x_wconf 86' lang='lat' dir='ltr'><strong>seivit</strong></span> 
     </span>
     <span class='ocr_line' id='line_1_18' title="bbox 228 2092 994 2203; baseline -0.008 -15"><span class='ocrx_word' id='word_1_152' title='bbox 228 2122 266 2188; x_wconf 89' lang='lat' dir='ltr'><strong>ad</strong></span> <span class='ocrx_word' id='word_1_153' title='bbox 287 2121 378 2184; x_wconf 90' lang='lat' dir='ltr'><strong>Dion.</strong></span> <span class='ocrx_word' id='word_1_154' title='bbox 403 2141 433 2203; x_wconf 92' lang='lat' dir='ltr'><strong>p.</strong></span> <span class='ocrx_word' id='word_1_155' title='bbox 448 2117 524 2184; x_wconf 96' lang='grc'><strong>868.</strong></span> <span class='ocrx_word' id='word_1_156' title='bbox 549 2092 683 2184; x_wconf 84' lang='lat' dir='ltr'><strong>seribere</strong></span> <span class='ocrx_word' id='word_1_157' title='bbox 704 2118 838 2185; x_wconf 82' lang='lat' dir='ltr'><strong>animum</strong></span> <span class='ocrx_word' id='word_1_158' title='bbox 859 2117 994 2184; x_wconf 90' lang='lat' dir='ltr'><strong>indueet.</strong></span> 
     </span>
    </p>

    <p class='ocr_par' dir='ltr' id='par_1_10' title="bbox 187 2213 1349 3006">
     <span class='ocr_line' id='line_1_19' title="bbox 321 2213 1349 2310; baseline 0.002 -20"><span class='ocrx_word' id='word_1_159' title='bbox 321 2219 375 2304; x_wconf 82' lang='lat' dir='ltr'><strong>Tol</strong></span> <span class='ocrx_word' id='word_1_160' title='bbox 404 2225 452 2296; x_wconf 84' lang='grc' dir='ltr'><strong>εἰς</strong></span> <span class='ocrx_word' id='word_1_161' title='bbox 485 2227 528 2300; x_wconf 80' lang='grc' dir='ltr'><strong>οξ</strong></span> <span class='ocrx_word' id='word_1_162' title='bbox 559 2216 700 2306; x_wconf 70' lang='lat' dir='ltr'><strong>elnonae</strong></span> <span class='ocrx_word' id='word_1_163' title='bbox 727 2219 782 2290; x_wconf 82' lang='lat' dir='ltr'><strong>dtoi</strong></span> <span class='ocrx_word' id='word_1_164' title='bbox 810 2221 873 2288; x_wconf 78' lang='lat' dir='ltr'><strong>uoti</strong></span> <span class='ocrx_word' id='word_1_165' title='bbox 905 2247 930 2288; x_wconf 88' lang='grc' dir='ltr'>ω</span> <span class='ocrx_word' id='word_1_166' title='bbox 958 2213 1141 2310; x_wconf 73' lang='grc' dir='ltr'><strong><em>γράφεται,</em></strong></span> <span class='ocrx_word' id='word_1_167' title='bbox 1168 2217 1261 2310; x_wconf 84' lang='grc' dir='ltr'><strong><em>πλην</em></strong></span> <span class='ocrx_word' id='word_1_168' title='bbox 1281 2220 1349 2292; x_wconf 77' lang='grc' dir='ltr'><strong>τοῦ</strong></span> 
     </span>
     <span class='ocr_line' id='line_1_20' title="bbox 228 2318 1349 2416; baseline -0.003 -22"><span class='ocrx_word' id='word_1_169' title='bbox 228 2318 311 2416; x_wconf 84' lang='grc' dir='ltr'><strong><em>φλόξ</em></strong></span> <span class='ocrx_word' id='word_1_170' title='bbox 331 2325 434 2413; x_wconf 82' lang='lat' dir='ltr'><strong>Etym.</strong></span> <span class='ocrx_word' id='word_1_171' title='bbox 460 2323 537 2392; x_wconf 87' lang='lat' dir='ltr'><strong>Gud.</strong></span> <span class='ocrx_word' id='word_1_172' title='bbox 563 2322 637 2400; x_wconf 88' lang='grc'><strong>554,</strong></span> <span class='ocrx_word' id='word_1_173' title='bbox 655 2321 722 2390; x_wconf 93' lang='grc'><strong>58.</strong></span> <span class='ocrx_word' id='word_1_174' title='bbox 752 2325 804 2388; x_wconf 84' lang='lat' dir='ltr'><strong>obi</strong></span> <span class='ocrx_word' id='word_1_175' title='bbox 833 2324 949 2390; x_wconf 74' lang='lat' dir='ltr'><strong>exeidit</strong></span> <span class='ocrx_word' id='word_1_176' title='bbox 974 2325 1032 2394; x_wconf 81' lang='grc' dir='ltr'><strong>καὶ</strong></span> <span class='ocrx_word' id='word_1_177' title='bbox 1058 2326 1122 2392; x_wconf 78' lang='grc' dir='ltr'><strong>τοῦ</strong></span> <span class='ocrx_word' id='word_1_178' title='bbox 1142 2319 1241 2414; x_wconf 79' lang='grc' dir='ltr'><strong><em>πρόξ,</em></strong></span> <span class='ocrx_word' id='word_1_179' title='bbox 1269 2327 1349 2410; x_wconf 76' lang='lat' dir='ltr'><strong>quod</strong></span> 
     </span>
     <span class='ocr_line' id='line_1_21' title="bbox 227 2427 1349 2512; baseline -0.002 -16"><span class='ocrx_word' id='word_1_180' title='bbox 227 2430 431 2496; x_wconf 80' lang='lat' dir='ltr'><strong>Grammatico</strong></span> <span class='ocrx_word' id='word_1_181' title='bbox 452 2427 602 2512; x_wconf 82' lang='lat' dir='ltr'><strong>ignotum</strong></span> <span class='ocrx_word' id='word_1_182' title='bbox 613 2449 681 2493; x_wconf 92' lang='lat' dir='ltr'><strong>esse</strong></span> <span class='ocrx_word' id='word_1_183' title='bbox 702 2447 764 2490; x_wconf 90' lang='lat' dir='ltr'><strong>non</strong></span> <span class='ocrx_word' id='word_1_184' title='bbox 777 2427 893 2512; x_wconf 90' lang='lat' dir='ltr'><strong>potuit,</strong></span> <span class='ocrx_word' id='word_1_185' title='bbox 917 2449 1015 2512; x_wconf 90' lang='lat' dir='ltr'><strong>neque</strong></span> <span class='ocrx_word' id='word_1_186' title='bbox 1036 2429 1288 2512; x_wconf 69' lang='lat' dir='ltr'><strong>praetermittitur</strong></span> <span class='ocrx_word' id='word_1_187' title='bbox 1308 2430 1349 2494; x_wconf 83' lang='lat' dir='ltr'><strong>ab</strong></span> 
     </span>
     <span class='ocr_line' id='line_1_22' title="bbox 226 2527 1349 2617; baseline 0.001 -18"><span class='ocrx_word' id='word_1_188' title='bbox 226 2533 398 2599; x_wconf 82' lang='lat' dir='ltr'><strong>Herodiano</strong></span> <span class='ocrx_word' id='word_1_189' title='bbox 420 2551 467 2617; x_wconf 89' lang='lat' dir='ltr'><strong>ap.</strong></span> <span class='ocrx_word' id='word_1_190' title='bbox 485 2531 726 2615; x_wconf 80' lang='grc' dir='ltr'><strong><em>Ειιιιιιιιίιιιιιρ.</em></strong></span> <span class='ocrx_word' id='word_1_191' title='bbox 745 2527 841 2606; x_wconf 88' lang='grc'><strong>1922,</strong></span> <span class='ocrx_word' id='word_1_192' title='bbox 864 2528 897 2594; x_wconf 90' lang='grc'><strong>8.</strong></span> <span class='ocrx_word' id='word_1_193' title='bbox 915 2529 1120 2611; x_wconf 76' lang='grc' dir='ltr'><strong><em>σπανίζεται</em></strong></span> <span class='ocrx_word' id='word_1_194' title='bbox 1141 2557 1183 2600; x_wconf 79' lang='grc' dir='ltr'><strong>πα</strong></span> <span class='ocrx_word' id='word_1_195' title='bbox 1176 2529 1277 2601; x_wconf 88' lang='grc' dir='ltr'><strong>δια</strong></span> <span class='ocrx_word' id='word_1_196' title='bbox 1282 2531 1349 2600; x_wconf 78' lang='lat' dir='ltr'><strong>noti</strong></span> 
     </span>
     <span class='ocr_line' id='line_1_23' title="bbox 227 2621 1349 2724; baseline -0.002 -21.961"><span class='ocrx_word' id='word_1_197' title='bbox 227 2621 385 2724; x_wconf 81' lang='grc' dir='ltr'><strong><em>οξφλόξ,</em></strong></span> <span class='ocrx_word' id='word_1_198' title='bbox 418 2630 519 2721; x_wconf 80' lang='grc' dir='ltr'><strong><em>πρόξ,</em></strong></span> <span class='ocrx_word' id='word_1_199' title='bbox 550 2633 655 2718; x_wconf 84' lang='lat' dir='ltr'><strong>quibus</strong></span> <span class='ocrx_word' id='word_1_200' title='bbox 673 2621 888 2718; x_wconf 76' lang='lat' dir='ltr'><strong>Theoguostus</strong></span> <span class='ocrx_word' id='word_1_201' title='bbox 909 2633 948 2699; x_wconf 93' lang='lat' dir='ltr'><strong>ll.</strong></span> <span class='ocrx_word' id='word_1_202' title='bbox 972 2632 1027 2700; x_wconf 88' lang='grc'><strong>40.</strong></span> <span class='ocrx_word' id='word_1_203' title='bbox 1050 2635 1132 2698; x_wconf 80' lang='lat' dir='ltr'><strong>addit</strong></span> <span class='ocrx_word' id='word_1_204' title='bbox 1158 2627 1254 2722; x_wconf 79' lang='grc' dir='ltr'><strong><em>αρόξ,</em></strong></span> <span class='ocrx_word' id='word_1_205' title='bbox 1282 2636 1349 2700; x_wconf 83' lang='lat' dir='ltr'><strong>ior·</strong></span> 
     </span>
     <span class='ocr_line' id='line_1_24' title="bbox 228 2731 1348 2824; baseline -0.001 -19"><span class='ocrx_word' id='word_1_206' title='bbox 228 2750 311 2805; x_wconf 85' lang='lat' dir='ltr'><strong>tasse</strong></span> <span class='ocrx_word' id='word_1_207' title='bbox 334 2737 485 2824; x_wconf 77' lang='lat' dir='ltr'><strong>Hesychio</strong></span> <span class='ocrx_word' id='word_1_208' title='bbox 507 2757 580 2800; x_wconf 94' lang='lat' dir='ltr'><strong>usus</strong></span> <span class='ocrx_word' id='word_1_209' title='bbox 596 2746 726 2802; x_wconf 80' lang='lat' dir='ltr'><strong>auctore</strong></span> <span class='ocrx_word' id='word_1_210' title='bbox 755 2731 849 2822; x_wconf 79' lang='grc' dir='ltr'><strong><em>Κρόξ</em></strong></span> <span class='ocrx_word' id='word_1_211' title='bbox 869 2731 1004 2821; x_wconf 87' lang='grc' dir='ltr'><strong><em>κρόκος,</em></strong></span> <span class='ocrx_word' id='word_1_212' title='bbox 1032 2737 1083 2802; x_wconf 88' lang='lat' dir='ltr'><strong>vel</strong></span> <span class='ocrx_word' id='word_1_213' title='bbox 1109 2738 1178 2822; x_wconf 87' lang='lat' dir='ltr'><strong>quia</strong></span> <span class='ocrx_word' id='word_1_214' title='bbox 1199 2737 1348 2804; x_wconf 84' lang='lat' dir='ltr'><strong>Hesiodus</strong></span> 
     </span>
     <span class='ocr_line' id='line_1_25' title="bbox 187 2829 1348 3006; baseline -0.004 -96"><span class='ocrx_word' id='word_1_215' title='bbox 187 2920 189 2925; x_wconf 89' lang='lat'><strong>.</strong></span> <span class='ocrx_word' id='word_1_216' title='bbox 228 2835 336 2930; x_wconf 86' lang='grc' dir='ltr'><strong><em>κρόκιι</em></strong></span> <span class='ocrx_word' id='word_1_217' title='bbox 361 2841 439 2906; x_wconf 83' lang='lat' dir='ltr'><strong>dixit</strong></span> <span class='ocrx_word' id='word_1_218' title='bbox 460 2860 514 2924; x_wconf 87' lang='lat' dir='ltr'><strong>pro</strong></span> <span class='ocrx_word' id='word_1_219' title='bbox 539 2829 678 2925; x_wconf 82' lang='grc' dir='ltr'><strong><em>κρόκην,</em></strong></span> <span class='ocrx_word' id='word_1_220' title='bbox 700 2835 860 2922; x_wconf 81' lang='lat' dir='ltr'><strong>Antipater</strong></span> <span class='ocrx_word' id='word_1_221' title='bbox 876 2837 985 3006; x_wconf 68' lang='lat' dir='ltr'><strong>Tpess.</strong></span> <span class='ocrx_word' id='word_1_222' title='bbox 1009 2832 1124 2926; x_wconf 82' lang='grc' dir='ltr'><strong><em>κρόκες</em></strong></span> <span class='ocrx_word' id='word_1_223' title='bbox 1144 2863 1199 2924; x_wconf 89' lang='lat' dir='ltr'><strong>pro</strong></span> <span class='ocrx_word' id='word_1_224' title='bbox 1217 2832 1348 2927; x_wconf 80' lang='lat' dir='ltr'><strong>npo&#39;ttott.</strong></span> 
     </span>
    </p>

    <p class='ocr_par' dir='ltr' id='par_1_11' title="bbox 107 2934 1465 3337">
     <span class='ocr_line' id='line_1_26' title="bbox 226 2934 1465 3030; baseline 0 -20"><span class='ocrx_word' id='word_1_225' title='bbox 226 2944 422 3010; x_wconf 88' lang='lat' dir='ltr'><strong>Nominativo</strong></span> <span class='ocrx_word' id='word_1_226' title='bbox 443 2934 527 3028; x_wconf 79' lang='grc' dir='ltr'><strong><em>πρόξ</em></strong></span> <span class='ocrx_word' id='word_1_227' title='bbox 556 2941 606 3006; x_wconf 92' lang='lat' dir='ltr'><strong>usi</strong></span> <span class='ocrx_word' id='word_1_228' title='bbox 632 2949 704 3004; x_wconf 90' lang='lat' dir='ltr'><strong>sunt</strong></span> <span class='ocrx_word' id='word_1_229' title='bbox 730 2940 894 3008; x_wconf 85' lang='lat' dir='ltr'><strong>Aristotele</strong></span> <span class='ocrx_word' id='word_1_230' title='bbox 932 2943 969 3007; x_wconf 88' lang='lat' dir='ltr'><strong>de</strong></span> <span class='ocrx_word' id='word_1_231' title='bbox 995 2942 1078 3008; x_wconf 89' lang='lat' dir='ltr'><strong>Part.</strong></span> <span class='ocrx_word' id='word_1_232' title='bbox 1106 2943 1208 3008; x_wconf 90' lang='lat' dir='ltr'><strong>Anim.</strong></span> <span class='ocrx_word' id='word_1_233' title='bbox 1233 2945 1286 3010; x_wconf 90' lang='lat' dir='ltr'><strong>IV.</strong></span> <span class='ocrx_word' id='word_1_234' title='bbox 1309 2947 1344 3010; x_wconf 92' lang='grc'><strong>2.</strong></span> <span class='ocrx_word' id='word_1_235' title='bbox 1464 3025 1465 3030; x_wconf 12' lang='lat'>¹</span> 
     </span>
     <span class='ocr_line' id='line_1_27' title="bbox 107 3041 1344 3133; baseline -0.002 -19"><span class='ocrx_word' id='word_1_236' title='bbox 107 3105 109 3114; x_wconf 88' lang='grc'><em>,</em></span> <span class='ocrx_word' id='word_1_237' title='bbox 226 3044 359 3133; x_wconf 73' lang='lat' dir='ltr'><strong>peto,</strong></span> <span class='ocrx_word' id='word_1_238' title='bbox 382 3045 437 3112; x_wconf 91' lang='grc'><strong>27.</strong></span> <span class='ocrx_word' id='word_1_239' title='bbox 464 3043 544 3110; x_wconf 86' lang='lat' dir='ltr'><strong>llist.</strong></span> <span class='ocrx_word' id='word_1_240' title='bbox 567 3043 669 3108; x_wconf 90' lang='lat' dir='ltr'><strong>Anim.</strong></span> <span class='ocrx_word' id='word_1_241' title='bbox 693 3041 732 3106; x_wconf 93' lang='lat' dir='ltr'><strong>ll.</strong></span> <span class='ocrx_word' id='word_1_242' title='bbox 759 3041 811 3108; x_wconf 92' lang='grc'><strong>15.</strong></span> <span class='ocrx_word' id='word_1_243' title='bbox 835 3065 866 3128; x_wconf 94' lang='lat' dir='ltr'><strong>p.</strong></span> <span class='ocrx_word' id='word_1_244' title='bbox 882 3042 958 3121; x_wconf 85' lang='grc'><strong>596,</strong></span> <span class='ocrx_word' id='word_1_245' title='bbox 980 3045 1036 3112; x_wconf 89' lang='grc'><strong>22.</strong></span> <span class='ocrx_word' id='word_1_246' title='bbox 1058 3043 1162 3112; x_wconf 88' lang='lat' dir='ltr'><strong>Sohol.</strong></span> <span class='ocrx_word' id='word_1_247' title='bbox 1184 3047 1285 3132; x_wconf 89' lang='lat' dir='ltr'><strong>Apoll.</strong></span> <span class='ocrx_word' id='word_1_248' title='bbox 1303 3047 1344 3112; x_wconf 93' lang='lat' dir='ltr'><strong>ll.</strong></span> 
     </span>
     <span class='ocr_line' id='line_1_28' title="bbox 226 3135 1347 3234; baseline 0.002 -22"><span class='ocrx_word' id='word_1_249' title='bbox 226 3147 304 3217; x_wconf 82' lang='grc'><strong>279.</strong></span> <span class='ocrx_word' id='word_1_250' title='bbox 329 3148 486 3216; x_wconf 87' lang='lat' dir='ltr'><strong>Suidass.</strong></span> <span class='ocrx_word' id='word_1_251' title='bbox 511 3146 541 3210; x_wconf 92' lang='lat' dir='ltr'><strong>h.</strong></span> <span class='ocrx_word' id='word_1_252' title='bbox 566 3169 599 3212; x_wconf 90' lang='lat' dir='ltr'><strong>v.</strong></span> <span class='ocrx_word' id='word_1_253' title='bbox 616 3135 703 3212; x_wconf 89' lang='lat' dir='ltr'><strong>ets.</strong></span> <span class='ocrx_word' id='word_1_254' title='bbox 730 3138 866 3233; x_wconf 87' lang='grc' dir='ltr'><strong><em>Πρόκα,</em></strong></span> <span class='ocrx_word' id='word_1_255' title='bbox 894 3147 977 3212; x_wconf 85' lang='lat' dir='ltr'><strong>nulla</strong></span> <span class='ocrx_word' id='word_1_256' title='bbox 1008 3171 1076 3220; x_wconf 88' lang='lat' dir='ltr'><strong>oum</strong></span> <span class='ocrx_word' id='word_1_257' title='bbox 1107 3150 1229 3234; x_wconf 86' lang='lat' dir='ltr'><strong>generis</strong></span> <span class='ocrx_word' id='word_1_258' title='bbox 1258 3159 1347 3214; x_wconf 84' lang='lat' dir='ltr'><strong>nota-</strong></span> 
     </span>
     <span class='ocr_line' id='line_1_29' title="bbox 226 3247 1343 3337; baseline 0 -21"><span class='ocrx_word' id='word_1_259' title='bbox 226 3253 331 3332; x_wconf 82' lang='lat' dir='ltr'><strong>tioue3</strong></span> <span class='ocrx_word' id='word_1_260' title='bbox 368 3273 421 3336; x_wconf 93' lang='lat' dir='ltr'><strong>pro</strong></span> <span class='ocrx_word' id='word_1_261' title='bbox 451 3250 508 3314; x_wconf 92' lang='lat' dir='ltr'><strong>hoo</strong></span> <span class='ocrx_word' id='word_1_262' title='bbox 537 3251 627 3322; x_wconf 88' lang='lat' dir='ltr'><strong>etiam</strong></span> <span class='ocrx_word' id='word_1_263' title='bbox 646 3247 749 3336; x_wconf 82' lang='grc' dir='ltr'><strong><em>προιξ</em></strong></span> <span class='ocrx_word' id='word_1_264' title='bbox 768 3250 828 3317; x_wconf 89' lang='lat' dir='ltr'><strong>diei</strong></span> <span class='ocrx_word' id='word_1_265' title='bbox 849 3261 980 3324; x_wconf 85' lang='lat' dir='ltr'><strong>testatur</strong></span> <span class='ocrx_word' id='word_1_266' title='bbox 996 3251 1098 3337; x_wconf 85' lang='lat' dir='ltr'><strong>Etym.</strong></span> <span class='ocrx_word' id='word_1_267' title='bbox 1120 3253 1162 3316; x_wconf 92' lang='lat' dir='ltr'><strong>M.</strong></span> <span class='ocrx_word' id='word_1_268' title='bbox 1187 3250 1264 3328; x_wconf 88' lang='grc'><strong>689,</strong></span> <span class='ocrx_word' id='word_1_269' title='bbox 1288 3251 1343 3322; x_wconf 90' lang='grc'><strong>15.</strong></span> 
     </span>
    </p>
   </div>
   <div class='ocr_carea' id='block_1_10' title="bbox 228 3349 1465 3441">
    <p class='ocr_par' dir='ltr' id='par_1_12' title="bbox 228 3349 1465 3441">
     <span class='ocr_line' id='line_1_30' title="bbox 228 3349 1465 3441; baseline 0.001 -21"><span class='ocrx_word' id='word_1_270' title='bbox 228 3353 337 3441; x_wconf 92' lang='lat' dir='ltr'><strong>quod</strong></span> <span class='ocrx_word' id='word_1_271' title='bbox 326 3375 360 3420; x_wconf 88' lang='grc' dir='ltr'><strong>ιιι</strong></span> <span class='ocrx_word' id='word_1_272' title='bbox 383 3354 546 3439; x_wconf 91' lang='lat' dir='ltr'><strong>eomposito</strong></span> <span class='ocrx_word' id='word_1_273' title='bbox 568 3349 829 3440; x_wconf 85' lang='grc' dir='ltr'><strong><em>Προικόννησος</em></strong></span> <span class='ocrx_word' id='word_1_274' title='bbox 851 3365 973 3438; x_wconf 80' lang='lat' dir='ltr'><strong>apparet</strong></span> <span class='ocrx_word' id='word_1_275' title='bbox 993 3375 1025 3420; x_wconf 90' lang='lat' dir='ltr'><strong>v</strong></span> <span class='ocrx_word' id='word_1_276' title='bbox 1044 3355 1181 3422; x_wconf 88' lang='lat' dir='ltr'><strong>Wessel.</strong></span> <span class='ocrx_word' id='word_1_277' title='bbox 1205 3357 1241 3426; x_wconf 88' lang='lat' dir='ltr'><strong>ad</strong></span> <span class='ocrx_word' id='word_1_278' title='bbox 1254 3355 1344 3424; x_wconf 86' lang='lat' dir='ltr'><strong>Diod.</strong></span> <span class='ocrx_word' id='word_1_279' title='bbox 1464 3371 1465 3384; x_wconf 62' lang='lat'>¹</span> 
     </span>
    </p>
   </div>
   <div class='ocr_carea' id='block_1_11' title="bbox 217 3455 1347 4062">
    <p class='ocr_par' dir='ltr' id='par_1_13' title="bbox 217 3455 1347 4062">
     <span class='ocr_line' id='line_1_31' title="bbox 228 3455 1347 3544; baseline -0.002 -20"><span class='ocrx_word' id='word_1_280' title='bbox 228 3457 314 3524; x_wconf 93' lang='lat' dir='ltr'><strong>Xlll.</strong></span> <span class='ocrx_word' id='word_1_281' title='bbox 339 3455 394 3522; x_wconf 89' lang='grc'><strong>49.</strong></span> <span class='ocrx_word' id='word_1_282' title='bbox 419 3457 567 3543; x_wconf 80' lang='lat' dir='ltr'><strong>lirueger.</strong></span> <span class='ocrx_word' id='word_1_283' title='bbox 592 3458 629 3520; x_wconf 88' lang='lat' dir='ltr'><strong>ad</strong></span> <span class='ocrx_word' id='word_1_284' title='bbox 650 3457 778 3544; x_wconf 88' lang='lat' dir='ltr'><strong>Dionys.</strong></span> <span class='ocrx_word' id='word_1_285' title='bbox 803 3459 840 3524; x_wconf 90' lang='lat' dir='ltr'><strong>de</strong></span> <span class='ocrx_word' id='word_1_286' title='bbox 861 3459 957 3522; x_wconf 91' lang='lat' dir='ltr'><strong>Thue.</strong></span> <span class='ocrx_word' id='word_1_287' title='bbox 980 3479 1010 3542; x_wconf 89' lang='lat' dir='ltr'><strong>p.</strong></span> <span class='ocrx_word' id='word_1_288' title='bbox 1031 3455 1085 3526; x_wconf 92' lang='grc'><strong>69</strong></span> <span class='ocrx_word' id='word_1_289' title='bbox 1109 3457 1294 3544; x_wconf 79' lang='lat' dir='ltr'><strong>Bernhardy</strong></span> <span class='ocrx_word' id='word_1_290' title='bbox 1306 3459 1347 3522; x_wconf 87' lang='lat' dir='ltr'><strong>ad</strong></span> 
     </span>
     <span class='ocr_line' id='line_1_32' title="bbox 225 3554 1346 3660; baseline -0.001 -33"><span class='ocrx_word' id='word_1_291' title='bbox 225 3561 318 3627; x_wconf 86' lang='lat' dir='ltr'><strong>Dion.</strong></span> <span class='ocrx_word' id='word_1_292' title='bbox 348 3583 378 3648; x_wconf 90' lang='lat' dir='ltr'><strong>p.</strong></span> <span class='ocrx_word' id='word_1_293' title='bbox 404 3559 483 3628; x_wconf 91' lang='grc'><strong>923.</strong></span> <span class='ocrx_word' id='word_1_294' title='bbox 539 3560 615 3630; x_wconf 82' lang='lat' dir='ltr'><strong>eum</strong></span> <span class='ocrx_word' id='word_1_295' title='bbox 649 3561 845 3646; x_wconf 81' lang='lat' dir='ltr'><strong>metaplasto</strong></span> <span class='ocrx_word' id='word_1_296' title='bbox 858 3555 979 3648; x_wconf 85' lang='grc' dir='ltr'><strong><em>κρόκα,</em></strong></span> <span class='ocrx_word' id='word_1_297' title='bbox 1012 3554 1144 3660; x_wconf 84' lang='grc' dir='ltr'><strong><em>κρόκες,</em></strong></span> <span class='ocrx_word' id='word_1_298' title='bbox 1181 3560 1346 3628; x_wconf 78' lang='lat' dir='ltr'><strong>maximam</strong></span> 
     </span>
     <span class='ocr_line' id='line_1_33' title="bbox 227 3654 1346 3784; baseline -0.002 -56"><span class='ocrx_word' id='word_1_299' title='bbox 227 3664 453 3732; x_wconf 87' lang='lat' dir='ltr'><strong>similitudinem</strong></span> <span class='ocrx_word' id='word_1_300' title='bbox 475 3664 566 3754; x_wconf 88' lang='lat' dir='ltr'><strong>habet</strong></span> <span class='ocrx_word' id='word_1_301' title='bbox 585 3654 687 3784; x_wconf 79' lang='grc' dir='ltr'><strong><em>πόκος</em></strong></span> <span class='ocrx_word' id='word_1_302' title='bbox 693 3661 804 3734; x_wconf 91' lang='lat' dir='ltr'><strong>Arist.</strong></span> <span class='ocrx_word' id='word_1_303' title='bbox 817 3664 914 3732; x_wconf 84' lang='lat' dir='ltr'><strong>Boon.</strong></span> <span class='ocrx_word' id='word_1_304' title='bbox 937 3661 1011 3732; x_wconf 90' lang='grc'><strong>186.</strong></span> <span class='ocrx_word' id='word_1_305' title='bbox 1034 3660 1093 3737; x_wconf 76' lang='grc' dir='ltr'><strong>τίς</strong></span> <span class='ocrx_word' id='word_1_306' title='bbox 1105 3667 1153 3737; x_wconf 77' lang='grc' dir='ltr'><strong>εἰς</strong></span> <span class='ocrx_word' id='word_1_307' title='bbox 1177 3687 1216 3730; x_wconf 78' lang='grc' dir='ltr'><strong>ιο</strong></span> <span class='ocrx_word' id='word_1_308' title='bbox 1209 3655 1346 3749; x_wconf 73' lang='grc' dir='ltr'><strong><em>λήθης</em></strong></span> 
     </span>
     <span class='ocr_line' id='line_1_34' title="bbox 227 3757 1343 3892; baseline -0.003 -56"><span class='ocrx_word' id='word_1_309' title='bbox 227 3764 392 3836; x_wconf 79' lang='grc' dir='ltr'><strong><em>πεδίον</em></strong></span> <span class='ocrx_word' id='word_1_310' title='bbox 368 3793 391 3854; x_wconf 78' lang='grc' dir='ltr'><em>η</em></span> <span class='ocrx_word' id='word_1_311' title='bbox 415 3771 462 3841; x_wconf 79' lang='grc' dir='ltr'><strong>εἰς</strong></span> <span class='ocrx_word' id='word_1_312' title='bbox 484 3761 568 3834; x_wconf 82' lang='grc' dir='ltr'><strong><em>ὄνον</em></strong></span> <span class='ocrx_word' id='word_1_313' title='bbox 581 3757 700 3846; x_wconf 87' lang='grc' dir='ltr'><strong><em>πόκας,</em></strong></span> <span class='ocrx_word' id='word_1_314' title='bbox 724 3788 799 3850; x_wconf 90' lang='lat' dir='ltr'><strong>quae</strong></span> <span class='ocrx_word' id='word_1_315' title='bbox 813 3787 939 3852; x_wconf 81' lang='lat' dir='ltr'><strong>graeous</strong></span> <span class='ocrx_word' id='word_1_316' title='bbox 952 3768 1103 3892; x_wconf 82' lang='lat' dir='ltr'><strong>interpres</strong></span> <span class='ocrx_word' id='word_1_317' title='bbox 1118 3765 1161 3830; x_wconf 83' lang='lat' dir='ltr'><strong>ite</strong></span> <span class='ocrx_word' id='word_1_318' title='bbox 1180 3765 1343 3837; x_wconf 83' lang='lat' dir='ltr'><strong>edisserit.</strong></span> 
     </span>
     <span class='ocr_line' id='line_1_35' title="bbox 217 3861 1344 3959; baseline 0 -23"><span class='ocrx_word' id='word_1_319' title='bbox 217 3861 389 3956; x_wconf 64' lang='grc' dir='ltr'><strong><em>’φαίνεται</em></strong></span> <span class='ocrx_word' id='word_1_320' title='bbox 408 3867 636 3957; x_wconf 75' lang='grc' dir='ltr'><strong><em>παροιμιῶδες</em></strong></span> <span class='ocrx_word' id='word_1_321' title='bbox 659 3863 789 3936; x_wconf 76' lang='grc' dir='ltr'><strong><em>εἶναι”</em></strong></span> <span class='ocrx_word' id='word_1_322' title='bbox 770 3893 854 3936; x_wconf 87' lang='grc' dir='ltr'><strong><em>ονον</em></strong></span> <span class='ocrx_word' id='word_1_323' title='bbox 874 3865 984 3937; x_wconf 91' lang='grc' dir='ltr'><strong><em>πόκον</em></strong></span> <span class='ocrx_word' id='word_1_324' title='bbox 1005 3867 1045 3936; x_wconf 80' lang='grc' dir='ltr'><strong>ιδ</strong></span> <span class='ocrx_word' id='word_1_325' title='bbox 1067 3863 1255 3959; x_wconf 73' lang='grc' dir='ltr'><strong><em>ἄχρηστον·</em></strong></span> <span class='ocrx_word' id='word_1_326' title='bbox 1285 3864 1344 3936; x_wconf 85' lang='lat' dir='ltr'><strong>on&#39;·</strong></span> 
     </span>
     <span class='ocr_line' id='line_1_36' title="bbox 229 3963 1343 4062; baseline 0 -24"><span class='ocrx_word' id='word_1_327' title='bbox 229 3971 302 4039; x_wconf 80' lang='grc' dir='ltr'><strong>διν</strong></span> <span class='ocrx_word' id='word_1_328' title='bbox 307 3967 372 4061; x_wconf 81' lang='lat' dir='ltr'><strong>yoip</strong></span> <span class='ocrx_word' id='word_1_329' title='bbox 395 3977 432 4038; x_wconf 87' lang='grc' dir='ltr'><strong>αἱ</strong></span> <span class='ocrx_word' id='word_1_330' title='bbox 451 3971 514 4038; x_wconf 75' lang='lat' dir='ltr'><strong>toti</strong></span> <span class='ocrx_word' id='word_1_331' title='bbox 536 3967 620 4040; x_wconf 85' lang='grc' dir='ltr'><strong><em>όνοι</em></strong></span> <span class='ocrx_word' id='word_1_332' title='bbox 641 3963 742 4048; x_wconf 80' lang='grc' dir='ltr'><strong><em>πόκις</em></strong></span> <span class='ocrx_word' id='word_1_333' title='bbox 763 3967 1016 4062; x_wconf 74' lang='grc' dir='ltr'><strong><em>χρηιιριιιοισι.</em></strong></span> <span class='ocrx_word' id='word_1_334' title='bbox 1061 3973 1119 4037; x_wconf 92' lang='lat' dir='ltr'><strong>Sed</strong></span> <span class='ocrx_word' id='word_1_335' title='bbox 1140 3973 1343 4038; x_wconf 84' lang='lat' dir='ltr'><strong>Buttmannus</strong></span> 
     </span>
    </p>
   </div>
   <div class='ocr_carea' id='block_1_12' title="bbox 229 4073 1465 4162">
    <p class='ocr_par' dir='ltr' id='par_1_14' title="bbox 229 4055 1465 4162">
     <span class='ocr_line' id='line_1_37' title="bbox 229 4073 1465 4162; baseline -0.001 -22"><span class='ocrx_word' id='word_1_336' title='bbox 229 4074 364 4140; x_wconf 88' lang='lat' dir='ltr'><strong>Gramm.</strong></span> <span class='ocrx_word' id='word_1_337' title='bbox 388 4075 416 4158; x_wconf 82' lang='lat'><strong>§.</strong></span> <span class='ocrx_word' id='word_1_338' title='bbox 437 4073 490 4140; x_wconf 90' lang='grc'><strong>56.</strong></span> <span class='ocrx_word' id='word_1_339' title='bbox 514 4073 1159 4162; x_wconf 72' lang='lat' dir='ltr'><strong>Atn.13.totumtttoptcumprotatitius</strong></span> <span class='ocrx_word' id='word_1_340' title='bbox 1183 4075 1262 4140; x_wconf 93' lang='lat' dir='ltr'><strong>asini</strong></span> <span class='ocrx_word' id='word_1_341' title='bbox 1274 4084 1344 4138; x_wconf 91' lang='lat' dir='ltr'><strong>ton·</strong></span> <span class='ocrx_word' id='word_1_342' title='bbox 1464 4121 1465 4146; x_wconf 58' lang='grc' dir='ltr'><strong>ι</strong></span> 
     </span>
    </p>
   </div>
   <div class='ocr_carea' id='block_1_13' title="bbox 227 4169 1343 4266">
    <p class='ocr_par' dir='ltr' id='par_1_15' title="bbox 227 4169 1343 4266">
     <span class='ocr_line' id='line_1_38' title="bbox 227 4169 1343 4266; baseline -0.004 -21"><span class='ocrx_word' id='word_1_343' title='bbox 227 4201 329 4246; x_wconf 86' lang='lat' dir='ltr'><strong>suram</strong></span> <span class='ocrx_word' id='word_1_344' title='bbox 351 4169 483 4266; x_wconf 77' lang='lat' dir='ltr'><strong>(odunt)</strong></span> <span class='ocrx_word' id='word_1_345' title='bbox 508 4199 596 4263; x_wconf 77' lang='lat' dir='ltr'><strong>quam</strong></span> <span class='ocrx_word' id='word_1_346' title='bbox 618 4169 696 4244; x_wconf 87' lang='lat' dir='ltr'><strong>asini</strong></span> <span class='ocrx_word' id='word_1_347' title='bbox 717 4177 816 4244; x_wconf 84' lang='lat' dir='ltr'><strong>vellus</strong></span> <span class='ocrx_word' id='word_1_348' title='bbox 838 4177 905 4244; x_wconf 88' lang='lat' dir='ltr'><strong>sive</strong></span> <span class='ocrx_word' id='word_1_349' title='bbox 925 4180 1037 4246; x_wconf 86' lang='lat' dir='ltr'><strong>lloeeos</strong></span> <span class='ocrx_word' id='word_1_350' title='bbox 1057 4173 1188 4265; x_wconf 86' lang='grc' dir='ltr'><strong><em>(πόκοι)</em></strong></span> <span class='ocrx_word' id='word_1_351' title='bbox 1214 4178 1274 4244; x_wconf 87' lang='lat' dir='ltr'><strong>diei</strong></span> <span class='ocrx_word' id='word_1_352' title='bbox 1290 4178 1343 4264; x_wconf 91' lang='lat' dir='ltr'><strong>ju·</strong></span> 
     </span>
    </p>
   </div>
   <div class='ocr_carea' id='block_1_14' title="bbox 0 0 1474 4894">
    <p class='ocr_par' dir='ltr' id='par_1_16' title="bbox 0 0 1474 4894">
     <span class='ocr_line' id='line_1_39' title="bbox 0 0 1474 4894; baseline 0 0"><span class='ocrx_word' id='word_1_353' title='bbox 0 0 1474 4894; x_wconf 95' lang='lat' dir='ltr'><strong> </strong></span> 
     </span>
    </p>
   </div>
  </div>
 </body>
</html>
