2944 4888
314 339 372 404 ne
400 337 597 403 rennos.
625 335 824 404 uorflou.
854 339 882 422 s.
909 338 960 406 to.
1154 339 1202 407 to
1309 363 1313 373 .

88 523 125 588 Ν.
151 517 230 586 187.
255 514 425 606 Ἰσόφιλος
445 515 584 582 Ν.’276.
609 539 642 582 v.
668 517 719 582 17.
744 539 820 602 quae
841 529 975 604 pugnant
996 537 1062 584 oum
1085 523 1203 609 στλεγ-

89 614 272 714 γιδοποιός,
286 618 467 708 Ἰσίδωρος,
487 618 661 708 'Iot'youoo⁵
672 616 846 697 Ἰσίδοτος,
860 613 1053 708 Bevalttlolpot
1069 621 1107 686 Ν.
1124 621 1199 688 496.

90 723 304 810 71446ίὸ4444
325 723 364 788 Ν.
389 721 484 790 2634.
514 718 769 810 Ἀρτεμίδωρος.
802 721 847 786 Α4
869 721 895 786 si
918 721 990 788 6444
1012 745 1127 810 quoque
1150 726 1202 790 44-Ι

90 829 269 892 litationem
293 825 454 912 recipiunt,
479 845 517 890 ne
530 836 582 890 eut
604 824 746 919 menolose
768 823 879 908 seripta
900 835 953 888 aut
975 825 1064 890 aliter
1086 847 1203 911 oompo-

90 931 145 994 sita
167 931 252 1005 sint,
275 928 349 992 illud
372 948 390 990 4
411 925 546 1015 uos'lyoe
568 925 746 1012 (ools'ypo,
769 927 917 1010 stringo),
941 927 997 992 ltoo
1011 929 1047 990 ab
1062 927 1146 1006 loos,
1169 931 1202 994 in

90 1034 186 1096 vicem
210 1031 396 1104 succedunt,
430 1030 551 1092 nomina
573 1029 604 1092 in
626 1016 695 1114 fiel,
725 1047 800 1112 quae
822 1027 908 1092 motio
936 1029 1052 1113 plenam
1075 1032 1202 1116 genitivi

90 1135 216 1198 formam
239 1134 381 1196 referunt
401 1125 678 1218 ἀρωματοφόρος,
704 1125 1011 1219 ompotentiae,
1034 1134 1120 1196 molo
1136 1153 1203 1198 444-

91 1248 221 1324 ruptam,
246 1235 299 1298 sed
322 1233 398 1296 ltano
421 1233 529 1318 duplici
550 1234 688 1309 ratione3
711 1233 770 1298 alia
792 1253 918 1318 namque
937 1236 1202 1300 exterminatione

91 1339 217 1422 genitivi
241 1323 355 1417 ot-ooss)
376 1335 508 1420 primam
533 1347 563 1400 et
585 1336 745 1400 secundam
767 1336 886 1399 literam
909 1335 1067 1414 deterunt,
1102 1361 1204 1425 σπερ-

89 1431 268 1527 μοφοῖγος,
290 1451 529 1528 χειμοφυγεῑν,
559 1435 804 1526 uoptotls'yptov,
832 1430 1056 1524 στομοδόκος,
1077 1436 1204 1526 Ἁρμό-

89 1566 182 1616 4ικος
211 1541 308 1604 lusor.
339 1540 377 1606 N.
402 1539 497 1604 1346.
528 1537 739 1626 αἱμοπότης,
771 1539 977 1628 κερμοδότης
1005 1539 1106 1606 Ν444.
1131 1543 1200 1608 Par.

89 1645 125 1710 ll.
158 1643 215 1709 75.
248 1640 497 1729 νομισμοθήκη
527 1642 613 1707 Phot.
646 1665 673 1708 a.
702 1641 832 1730 Λίτρα,
861 1643 1034 1729 quibusoam
1064 1645 1204 1711 conterre

84 1751 174 1834 juvat
196 1743 456 1832 Ἀπολλοφανής
478 1756 509 1809 et
529 1743 641 1810 latinos
673 1747 876 1832 foedifragus,
899 1745 1055 1823 rumilioo,
1086 1749 1204 1812 munili-

22 1884 25 1892 ·
89 1871 162 1924 cus,
190 1867 266 1934 quae
289 1849 325 1912 ab
348 1847 577 1932 aquilonigena,
609 1849 823 1933 odorisequus‚
853 1843 1063 1933 pudorioolor‚
1095 1851 1203 1914 441441-

88 1953 186 2028 6444,
218 1951 404 2014 tantumdem
430 1949 559 2024 distant,
583 1962 726 2034 quantum
747 1952 783 2014 ah
805 1950 858 2014 illo
879 1948 1203 2039 α’πολλωνοτραφής.

84 2055 155 2118 Alia
185 2073 261 2117 vero
284 2053 336 2116 sed
359 2052 458 2116 minus
479 2051 573 2118 multa
594 2053 753 2117 seeundum
775 2065 807 2118 et
827 2053 963 2118 tertiam:
986 2051 1202 2144 χειμάρῥους,

86 2151 323 2243 (igneumque,
346 2149 564 2242 ὄνομαθέτης
594 2154 640 2235 (v.
664 2156 700 2218 etl
723 2155 836 2242 Phryn.
861 2155 953 2240 668.)
982 2168 1013 2220 et
1034 2152 1229 2222 boeottoum'

87 2279 202 2322 nomen
231 2253 449 2343 αἱμακορίαι,
481 2278 537 2340 quo
567 2257 734 2342 suspectius
765 2269 812 2322 est
833 2256 1025 2344 olptotnoolo
1055 2259 1201 2347 Porphyr.

87 2383 135 2446 op.
164 2361 249 2424 Stolo.
275 2359 341 2422 Eol.
366 2357 418 2423 Ph.
445 2359 469 2423 l.
494 2357 548 2436 52,
571 2357 625 2424 49.
650 2361 727 2444 quod
750 2361 917 2426 Heerenius
941 2383 957 2426 e
980 2363 1093 2428 duobus
1116 2365 1202 2453 opdd.

87 2485 141 2549 pro
170 2459 407 2549 αἰματυποσία
437 2461 568 2546 recepit,
609 2483 704 2546 neque
734 2473 782 2527 sat
810 2463 878 2528 lidei
907 2463 994 2528 habet
1023 2462 1204 2554 χειράπονς

88 2589 143 2652 pro
167 2563 366 2655 χειροπόὃης
393 2564 475 2628 snit.
521 2564 618 2648 Atque
644 2563 690 2627 his
719 2565 825 2648 apponi
847 2575 971 2650 possunt
999 2563 1204 2653 Λαδωγενής

87 2667 110 2754 ἡ
131 2665 319 2756 Ἀφροδίτη
342 2663 394 2733 ὅτι
414 2668 469 2734 ἐπὶ
492 2661 633 2770 11446444
653 2659 826 2754 ἐγεννήθη
848 2665 977 2752 Hesyoh.
1001 2669 1206 2754 Aulopoto'o

89 2771 219 2835 Philem.
252 2769 330 2833 Lex.
360 2771 390 2854 §.
415 2767 468 2835 62.
500 2763 740 2855 κενεώπρησις,
774 2770 832 2834 n'isi
859 2771 892 2832 iu
914 2779 1040 2852 utroque
1071 2783 1203 2836 erratum

90 2885 157 2950 est,
189 2867 364 2958 Ἰσίδωρος
394 2882 424 2936 et
453 2873 591 2935 iricolor.
637 2873 686 2936 Ex
715 2873 883 2936 nominibus
913 2872 944 2934 iu
972 2857 997 2957 p
1021 2859 1203 2940 exeuntibus

90 2977 149 3040 huo
171 2975 285 3040 referri
308 2975 378 3036 lieet
401 2971 608 3060 κορκορῥύα,
631 2976 809 3065 ι’χωῤῥυεῑν
832 2984 862 3038 et
884 2965 1086 3063 φρεωρύχος.
1120 2976 1202 3055 Quae

91 3079 117 3142 si
141 3077 244 3142 omnia
267 3077 303 3139 ad
325 3097 478 3161 syncopen
503 3076 627 3161 genitivi
654 3077 766 3152 retuli,
797 3075 916 3140 soltolae
947 3097 1032 3140 usum
1059 3089 1202 3160 sequutus

89 3203 155 3246 sum
180 3179 259 3242 haud
285 3178 407 3262 ignarus
430 3173 620 3265 isopleuris,
642 3175 862 3268 yopyooopelo,
886 3178 934 3262 (ut
953 3171 1120 3272 popyetool
1138 3202 1203 3244 444-

89 3283 224 3374 dolium,
252 3280 433 3357 solstitium,
452 3282 621 3366 justitium,
650 3281 846 3356 veneficium,
878 3279 1061 3363 muscipulo,
1093 3283 1203 3348 etalio

90 3385 162 3448 talia
187 3384 263 3446 istas
288 3383 426 3466 ambages
449 3384 627 3448 detrectare.
670 3385 714 3448 De
736 3384 856 3446 nomine
877 3373 1068 3456 Ἑλλάνὶκος
1091 3385 1203 3448 Sturzii

19 3519 24 3530 ¹
89 3485 277 3552 sententiam
307 3487 414 3567 Opust.
448 3507 476 3568 p.
500 3484 554 3550 28.
588 3486 758 3570 impugnavi
785 3486 821 3548 nd
845 3485 957 3570 Phryn.
983 3506 1011 3568 p.
1035 3483 1109 3549 616.
1135 3508 1202 3568 pro·

89 3597 207 3674 pugnet
223 3586 393 3650 nassovius
414 3587 445 3650 in
460 3587 538 3651 Lex.
560 3587 614 3652 Gr.
638 3588 776 3671 exemplo
799 3586 909 3650 Avieni
932 3586 1035 3662 nixus,
1059 3587 1108 3670 qui
1131 3609 1203 3671 pen-

89 3691 229 3756 ultimam
252 3687 415 3771 oorripuit3
448 3690 500 3752 setl
521 3689 553 3752 in
576 3691 720 3775 ejusmodi
749 3709 838 3754 eausa
865 3688 931 3772 plus
953 3687 1092 3772 ponderis
1115 3688 1204 3753 habet

88 3795 318 3878 Theognostus,
345 3791 394 3873 qui
408 3791 690 3875 maoroparaleotom
705 3811 773 3855 esse
797 3792 884 3854 tlooet
899 3801 933 3854 ut
946 3783 1086 3866 Κάϊκος,
1109 3787 1203 3876 Γρή-
1226 3809 1227 3818 ’

89 3917 184 3968 νικος
207 3892 325 3956 Α4444.
350 3892 451 3956 Cram.
475 3892 513 3956 ll.
538 3892 591 3958 59.
621 3892 716 3956 Beklr.
742 3891 836 3956 1369.
867 3913 902 3956 44
924 3892 950 3956 si
972 3891 1100 3977 simplex
1122 3907 1203 3958 esset

91 4017 216 4075 nomen,
241 4004 405 4059 acueretur
426 3993 530 4058 ultima
552 3995 629 4062 41444
650 3995 708 4058 alia
730 3994 862 4070 nomina,
886 4015 960 4078 quae
983 4015 1023 4058 ex
1041 3997 1201 4080 gentilioiis

92 4099 171 4163 laete
203 4107 275 4163 sunt
311 4095 472 4178 hominurn
493 4098 627 4184 proprias
669 4089 825 4177 ,Ἰωνικός
853 4095 969 4182 Eunep.
1000 4097 1075 4163 Vitt.
1109 4098 1200 4182 Soph.

91 4223 119 4284 p.
146 4199 219 4265 166.
254 4192 407 4272 Ἀττικός
427 4199 516 4264 Dion.
544 4199 629 4264 Cass.
650 4198 729 4264 nvt·
752 4194 806 4262 46.
837 4196 932 4263 nxv.
957 4197 1010 4262 17.
1039 4197 1203 4285 Ὀλυμπι-

126 4303 236 4357 nausea.
257 4303 383 4368 Parate.
974 4299 994 4361 t
