2930 4872
281 339 338 408 DE
360 337 551 406 ADIEGT.
582 339 796 406 IMMOBIL.
821 339 927 408 utv.
957 343 985 428 ἓ.
1006 343 1037 410 3.
1056 347 1088 410 4.
1109 379 1113 406 ι
1156 347 1227 414 965

34 603 36 608 .
122 518 302 612 διόγνητος,
325 516 533 607 ἤμίθνητος,
556 515 787 606 πολύκμητος,
811 515 1054 611 οιόηρότμητος
1069 525 1150 610 (cum
1166 511 1227 592 me·

120 627 226 693 tathcsi
246 621 508 712 τμητοσίόηρος)
529 616 702 709 ἄγνωστος
709 673 720 703 ,
744 617 907 712 ἄτρωτος,
927 627 978 692 vel
1001 629 1092 692 etiam
1115 629 1227 694 diversi

118 725 263 816 ιίόαμος,
288 717 666 826 ιλυςθαγηςζό-ιόγίολος,
689 719 832 811 οίτομος,
851 721 1011 817 νεόγονος
1032 741 1091 795 etc.
1108 752 1165 815 quo
1180 731 1226 811 ht,

120 843 153 897 ut
173 830 329 915 adjectivis
351 830 384 893 in
406 852 465 907 ας,
488 852 537 914 ης,
561 851 618 906 ως,
648 827 713 892 sive
744 830 837 912 gradu
866 831 932 895 sive
962 854 1074 917 genere
1108 833 1227 919 ohliquo

118 955 190 1019 opus
213 943 279 1009 est,
303 951 543 1016 quoquoversum
578 930 628 994 via
650 941 761 1016 pateat.
807 931 909 1017 quue
930 937 1025 1020 mogh
1048 957 1159 1022 operae
1181 947 1228 1002 cst

118 1038 278 1101 ohservare
301 1035 452 1099 contraria
478 1033 627 1117 exempla,
659 1033 689 1096 it
711 1034 789 1116 quod
810 1035 910 1100 facere
932 1036 1062 1102 institui.
1108 1039 1228 1104 Verba-

115 1137 190 1203 lihus
213 1159 297 1201 nuuc
319 1137 422 1200 addam
444 1155 631 1220 paronpmon
654 1130 799 1224 οἶργῆτος
821 1136 936 1204 ἐλαίου
956 1138 1024 1204 Nic.
1043 1142 1135 1208 Ther.
1151 1143 1224 1210 105.

116 1242 190 1324 quod
225 1241 252 1305 si
282 1239 347 1324 quis
376 1259 417 1303 cx
445 1260 477 1302 v.
501 1237 556 1303 98.
579 1249 610 1302 et
631 1237 708 1304 224.
733 1239 783 1302 uhi
806 1235 990 1327 οἷργῆεντος
1013 1243 1128 1312 ἐλαίου
1152 1247 1228 1333 legi-

115 1358 175 1423 tur,
204 1343 415 1427 corrigendum
437 1352 538 1426 putet,
571 1362 685 1404 moram
713 1341 802 1404 affert
823 1342 951 1406 alterum
974 1344 1228 1436 exemplum'oip-

115 1448 191 1535 γῆτι
213 1439 320 1513 ε’ίνθει
339 1468 370 1509 v.
399 1441 473 1512 631.
520 1443 577 1508 Sed
600 1465 653 1528 pro
677 1439 807 1532 α’ργῆτα
828 1443 976 1514 κέλευθα
996 1447 1120 1534 Oppian.
1146 1450 1224 1538 Cyn.

117 1550 152 1614 II.
179 1547 257 1613 140.
284 1547 409 1611 Gui'etus
446 1559 478 1611 et
510 1545 708 1610 Schneiderus
736 1557 820 1610 recte
850 1549 1036 1632 seripserunt
1062 1545 1226 1640 εἷργῆντα.

115 1653 180 1717 Alia
202 1673 280 1717 vcro
301 1649 419 1720 ratione
442 1649 550 1713 nititur
571 1648 791 1734 gentiliciorum
813 1651 1046 1716 masculinorum
1059 1644 1227 1744 ἱοηῖοοοι

115 1754 286 1820 nominibus
317 1753 455 1817 neutrius
484 1753 605 1838 generis
626 1771 739 1816 marem
765 1752 1003 1836 significantibus
1027 1760 1225 1838 constructio,

114 1855 278 1946 μειρακίῳ
299 1853 413 1942 Κρητί
433 1855 550 1919 Conon.
584 1854 674 1919 Narr.
713 1877 741 1918 c.
770 1855 872 1920 XXII.
905 1877 959 1942 pro
989 1879 1046 1942 quo
1075 1861 1226 1929 Maximus

115 1963 248 2026 Dissert.
272 1958 389 2023 XXVI.
413 1957 446 2034 8,
470 1957 524 2023 27.
549 1959 654 2022 maluit
676 1959 830 2043 posscsivo
861 1959 906 2022 uti
935 1963 1077 2050 κρητικῷ
1105 1989 1228 2051 μειρα-

114 2063 184 2153 κίῳ,
210 2063 290 2128 siout
311 2060 487 2125 Plutarchus
510 2060 548 2125 V.
575 2061 690 2146 Philop.
714 2059 767 2124 VI.
791 2059 866 2124 445.
897 2062 1076 2148 μειρακίου
1104 2067 1228 2153 Μεγα-

114 2165 353 2246 locationum
378 2165 431 2230 sed
455 2165 558 2228 eadem
580 2184 725 2248 generum
747 2163 867 2248 synesis
888 2165 999 2230 Achill.
1023 2167 1090 2232 Tat.
1105 2169 1144 2232 II.
1169 2169 1223 2234 37.

117 2270 167 2336 54.
193 2265 375 2358 μειρακίου
398 2262 541 2354 Φρυγός,
566 2266 677 2350 Geopp.
694 2264 779 2329 XIV.
806 2263 859 2341 11,
875 2264 906 2329 1.
920 2261 1087 2343 Λοίκωνος
1105 2263 1228 2358 όοτρά.

114 2397 186 2441 κου.
233 2371 337 2455 Neque
359 2370 415 2433 hoc
438 2369 556 2449 solnm,'
587 2370 639 2432 sed
661 2367 751 2430 etiam
773 2367 895 2430 nomina
916 2370 1029 2454 primae
1052 2367 1227 2440 declinatio·

115 2477 161 2541 nis
183 2474 373 2540 neutralibus
395 2473 517 2559 adjungi
539 2472 656 2536 solent:
681 2464 829 2560 νησιώτῃ
850 2469 1012 2558 μειρακίῳ
1039 2473 1165 2538 Lueian.
1189 2477 1226 2542 de

114 2579 206 2644 Dom.
232 2578 259 2661 §.
284 2575 316 2639 3.
340 2599 369 2660 p.
395 2574 448 2640 92.
473 2576 509 2638 Τ.
535 2573 614 2637 VIII.
639 2573 702 2639 τοῦ
720 2572 862 2660 Πέρσου
884 2573 1064 2659 μειρακίου
1082 2575 1224 2643 Philostr.

116 2683 169 2768 Ep.
198 2678 308 2743 XLVI.
333 2677 408 2744 935.
432 2677 495 2744 τοῦ
524 2673 785 2764 Ταυρομενίτου
808 2678 989 2764 μειρακίου
1011 2677 1166 2742 lamblich.
1186 2679 1226 2744 V.

115 2782 232 2860 Ρ.25,
257 2781 330 2844 112.
363 2779 469 2868 (140.)
498 2780 560 2846 τοῦ
594 2777 764 2866 δυστήνου
793 2779 851 2846 καὶ
890 2777 1081 2866 νομαιλίτου
1108 2781 1229 2870 γόνους

115 2887 231 2974 Synes.
256 2885 371 2948 Catast.
396 2904 427 2968 p.
443 2881 529 2950 303.
554 2881 589 2945 Β.
614 2883 673 2946 uisi
702 2883 755 2946 ille
777 2883 967 2968 νομαδικοό
992 2885 1122 2969 scripsit.
1170 2887 1228 2953 Sed

116 2989 172 3054 hoc
195 2991 258 3074 jam
280 2987 316 3050 ad
345 2985 592 3072 appellativorum
620 2985 759 3051 viciniam
791 2987 962 3065 descendit,
995 3009 1070 3071 quae
1092 2987 1227 3075 singilla-

116 3093 170 3158 tim
198 3091 376 3176 expouenda
402 3089 553 3154 videntur.

636 3283 663 3365 p.
686 3283 718 3346 4.

211 3403 323 3466 Eodem
351 3400 444 3485 igitur
473 3399 560 3462 modo
588 3399 697 3465 dicitur
727 3401 888 3491 μειρακίῳ
918 3399 1030 3496 πύκτῃ
1036 3456 1047 3486 ,
1083 3403 1225 3468 Philostr.

118 3507 235 3592 Imagg.
259 3505 296 3568 L.
312 3503 350 3568 II.
375 3503 430 3581 30,
453 3499 527 3569 842.
552 3500 718 3591 παιδαρίῳ
737 3501 856 3597 τοξότῃ
877 3505 1029 3572 Aristaen.
1055 3505 1078 3570 I.
1096 3506 1139 3588 Ep
1159 3504 1225 3586 .15,

117 3609 175 3674 75.
198 3602 438 3698 μειρακύλλιον
461 3603 726 3692 ἱματιοκλέπτην
747 3609 835 3692 Diog.
859 3609 914 3673 La.
928 3609 980 3673 VI.
994 3609 1047 3686 52,
1064 3606 1139 3672 330.
1155 3628 1228 3690 quo·

117 3733 188 3777 rum
211 3731 302 3776 causa
323 3710 355 3774 iu
377 3720 481 3795 aperto
503 3719 560 3772 est.
608 3708 666 3772 Sed
692 3710 744 3786 lit,
767 3721 802 3773 ut
829 3731 865 3774 ea
887 3732 1003 3795 quoque
1026 3709 1225 3786 substantiva,

119 3835 197 3900 quae
219 3835 274 3878 suo
298 3825 329 3878 et
352 3812 471 3898 proprio
492 3811 559 3876 Ioco
581 3811 678 3896 posita
706 3823 796 3891 suut,
827 3812 957 3896 epitheta
988 3835 1005 3876 e
1034 3814 1153 3877 diverso
1175 3833 1227 3897 ge·

119 3938 197 3982 nere
225 3917 364 4001 adjuncta
386 3916 532 3991 habeant,
558 3904 690 4001 ἦόυβόῳ
716 3906 890 4000 πνεύματι
910 3915 985 3976 Eur.
1016 3914 1124 3978 Bacch.
1151 3913 1242 3980 129.“

120 4011 228 4110 δήκτῃ
250 4014 395 4104 στόματι
416 4017 508 4082 Anth.
536 4017 620 4080 Plan.
645 4038 677 4080 n.
701 4015 776 4082 200.
802 4018 842 4080 cl.
859 4016 1067 4080 Friedemann.
1092 4018 1127 4080 de
1150 4016 1227 4080 Pen-

121 4133 196 4186 tam.
220 4143 250 4207 p.
275 4119 349 4186 318.
380 4125 480 4212 νηΐτῃ
507 4115 735 4207 στρατεύματι
764 4119 917 4185 Memnon.
946 4118 1025 4183 Ilist.
1055 4117 1139 4182 XIII.
1167 4116 1223 4184 22.

124 4224 219 4291 Orell.
266 4225 323 4291 Sed
345 4225 422 4310 quod
438 4223 584 4309 Oppianus
598 4223 676 4310 Cyn.
696 4221 748 4288 III.
764 4221 839 4292 399.
860 4222 1023 4310 hystrioem
1040 4221 1112 4287 dicit
1124 4214 1226 4288 οἷκον-
