2926 4886
320 323 378 386 Dll
404 316 575 408 {NOM1N.
605 318 776 384 MONOS.
809 320 845 384 C.
868 319 920 385 lll.
951 323 979 406 ᾖ.
1003 321 1035 386 4.
1180 325 1249 392 169

18 487 20 490 ’
133 501 193 571 καὶ
223 497 301 570 dhet
332 499 376 576 oio
404 498 502 586 σαρκί
535 500 635 564 Schol.
660 499 907 567 13311299.
953 501 1065 566 Eadem
1095 467 1251 590 conjungit

135 605 245 670 Suidas
268 601 370 672 ’Ioiaoa
385 601 536 691 ’Όμκρος
562 602 649 692 λέγει
675 600 740 688 κήκ
761 595 867 689 teudo
897 599 941 676 313
967 600 1126 679 Ἡσίοδος
1146 603 1251 692 κρόκοι

134 707 203 794 κήκ
224 700 349 795 κρόκην
367 707 424 774 καὶ
447 702 548 784 αὐτὸς
563 702 714 794 Όμηρος
735 703 800 792 cola
823 698 931 792 ρῖλκήκ
952 700 1060 784 oliuu,
1089 704 1167 776 ἀλκὶ
1187 735 1251 778 πε-

132 803 284 884 ποιθώς.
328 809 437 874 Dativo
459 807 578 897 κλαγγί
598 808 719 894 Ibycum
735 829 821 872 usum
845 829 912 874 esse
931 810 1018 874 docet
1032 811 1251 878 Grammaticus

131 915 166 978 in
193 914 310 978 Anecd.
336 911 436 975 Cram.
469 911 493 976 l.
518 911 571 976 65.
596 911 683 995 idque
706 933 773 976 cum
796 905 884 992 oittlc,
906 909 1014 993 κλαδί,
1036 909 1158 1001 copam
1180 936 1252 978 con-

132 1017 256 1092 tendit,
286 1025 427 1098 tauquam
456 1013 677 1098 metaplastum.
732 1014 929 1078 Accusativos
958 1012 1057 1101 κρίκοι
1087 1027 1118 1081 33
1146 1009 1251 1106 κρόκκ

75 1187 76 1190 ,
131 1118 308 1204 Hesychius
330 1117 439 1180 alicubi
460 1117 579 1181 invenit
599 1137 654 1201 pro
671 1106 835 1204 uplaoa'ct
849 1111 984 1202 κρόιοκ.
1029 1119 1079 1182 Ex
1093 1117 1152 1195 his,
1176 1141 1252 1204 quaa

130 1224 168 1285 in
185 1220 324 1284 labialem
349 1231 475 1296 exeunt,
499 1241 609 1282 nomen
634 1213 682 1303 ὂψ
698 1239 807 1282 vocem
825 1219 998 1310 significans
1022 1223 1145 1308 ejusque
1163 1243 1251 1287 casus

133 1323 336 1388 Grammatioi
358 1322 532 1406 saepissime
555 1322 708 1406 atu'ngunt
729 1321 796 1384 sine
818 1320 881 1384 ullo
903 1323 1102 1387 aberrationis
1123 1323 1252 1401 indicio;

130 1427 267 1490 alterum
290 1435 389 1489 autem
413 1425 481 1490 huic
504 1424 601 1489 simile
619 1424 800 1490 Aristoteles
824 1435 854 1490 33
870 1422 991 1501 Strabo,
1017 1445 1108 1508 quum
1130 1426 1162 1491 in
1186 1427 1251 1490 3313

131 1529 325 1594 nominativo
347 1527 550 1612 reperissent,
586 1547 627 1590 ex
651 1521 731 1612 ὄψις
760 1527 948 1590 decurtatum
978 1549 1046 1592 osse
1081 1539 1254 1593 statuerunt

132 1653 179 1696 v.·
201 1632 305 1694 Sturz.
337 1629 375 1693 ad
402 1631 524 1714 Emped.
555 1651 585 1714 p.
610 1627 685 1694 622.
719 1641 750 1694 33
776 1629 930 1714 obliquos,
961 1630 988 1694 si
1017 1631 1083 1714 quis
1114 1615 1253 1696 veterum

132 1744 327 1818 usurpasset,
352 1732 544 1816 metaplastos
571 1732 720 1796 dixissent
742 1732 792 1796 vel
817 1733 928 1816 alioqui
957 1733 1081 1798 affectos
1102 1745 1136 1798 ut
1157 1732 1255 1822 νίφα,

131 1833 225 1924 ripa,
248 1833 341 1916 λίποι,
363 1829 467 1920 κ31ρ3ι,
490 1857 615 1919 quorum
639 1835 771 1898 omnium
795 1836 911 1899 nullum
933 1837 988 1900 hac
1010 1837 1128 1900 ratione
1151 1837 1254 1902 exsol-

134 1939 252 2002 vimus.
297 1938 402 2022 Neque
428 1933 483 2026 dp
505 1937 605 2001 minus
627 1938 793 2024 legitimum
816 1960 974 2004 censemus
996 1961 1084 2024 quam
1105 1933 1202 2026 otdp
1225 1951 1256 2004 et

138 2039 251 2128 σκώψ,
268 2042 483 2125 fortuitnmque
507 2061 576 2104 esse
597 2062 700 2106 remur
722 2042 799 2126 quod
820 2053 854 2106 ut
877 2034 952 2128 ω’πή
974 2043 1040 2108 sive
1058 2035 1195 2130 ὀπωπή,
1211 2042 1256 2107 313

139 2145 233 2210 etiam
256 2139 384 2230 ἐκωπή,
407 2135 540 2230 ἓπωπή,
562 2140 729 2230 περιωπή,
750 2145 997 2230 praevaluerunt.
1044 2145 1147 2230 ltaque
1166 2166 1258 2210 causa

139 2247 227 2312 nulla
255 2269 310 2311 cur
340 2245 520 2314 κατέκωπιι
549 2247 697 2310 scribatur
722 2250 997 2334 puoparoxytonds‚
1026 2259 1061 2312 ut
1085 2249 1196 2312 Alexio
1225 2259 1258 2312 et

140 2349 331 2415 Herodianus
364 2351 541 2435 jusserunt,
572 2349 657 2434 quasi
696 2361 884 2414 contractum
918 2367 974 2413 euv
996 2346 1189 2418 κακεκώπικ
1221 2361 1256 2416 ut

139 2453 251 2540 μιῆροι,
274 2466 362 2532 σῖτα,
384 2453 437 2515 sed
461 2452 627 2516 retinemus
650 2449 723 2520 κατ’
748 2453 863 2521 docimo
887 2475 953 2517 cum
976 2453 1172 2530 Aristarcho,
1195 2453 1256 2518 uti·

142 2577 201 2640 que
225 2576 287 2619 non
316 2566 351 2619 ut
377 2554 423 2618 illi
443 2555 561 2631 visum,
595 2554 680 2622 333331
709 2554 960 2643 μνεκκπλασμὸκ
988 2551 1150 2623 31331333]
1173 2559 1258 2622 ἐκω-

140 2654 216 2746 πήκ
250 2658 350 2722 Schol.
375 2657 410 2722 ll.
438 2659 481 2725 Ο.
506 2655 587 2737 320.
605 2659 707 2745 Etym.
733 2660 774 2723 M.
798 2658 875 2736 496,
906 2657 938 2724 7.
963 2659 1050 2723 Eust.
1076 2655 1172 2733 1017,
1198 2654 1252 2720 64.

141 2765 198 2828 331
226 2773 365 2846 tanquam
393 2761 546 2826 residuum
575 2761 726 2826 obliterati
747 2762 926 2826 nominativi
946 2753 1061 2848 133133,
1092 2763 1177 2847 cujus
1205 2781 1259 2825 ve·

143 2867 268 2950 stigium
282 2851 427 2948 quoddam
440 2863 512 2926 mihi
526 2885 661 2929 «cernere
684 2865 791 2928 videor
811 2866 844 2928 in
859 2864 1007 2948 scripturo
1024 2865 1159 2929 codicum
1171 2863 1254 2928 Stoh.

144 2969 231 3034 Flor.
254 2967 316 3031 Tit.
340 2952 481 3030 LXXIV.
513 2965 566 3034 61.
591 2989 620 3052 ρ.
644 2967 727 3044 445,
757 2965 790 3032 8.
823 2963 977 3058 χρώματι
1009 2966 1045 3034 dc'
1073 2963 1258 3056 φαιδρύνε-

146 3081 235 3140 σθαι
255 3068 321 3138 edu
343 3070 488 3136 ποτῶπκ
510 3067 561 3157 paci
583 3071 722 3159 ἐπακτῷ,
751 3071 802 3134 uhi
822 3071 983 3155 vulgatum·
1010 3082 1057 3135 est
1078 3071 1257 3150 ποκῷπακ.

146 3178 208 3241 Sed
229 3176 335 3238 horum
360 3173 513 3237 hominum
539 3195 601 3238 non
623 3175 725 3238 eadem
749 3185 797 3238 est
818 3173 999 3238 aestimatio.
1044 3173 1121 3239 Nam
1143 3170 1202 3251 3111
1224 3175 1260 3239 li-

146 3279 224 3344 teris
246 3278 426 3342 terminatur
454 3277 492 3340 iis
515 3278 619 3360 quihus
642 3278 725 3340 nulla
746 3277 805 3340 alia
827 3299 891 3340 von
913 3298 1032 3361 graeca.
1053 3326 1059 3342 .
1080 3276 1162 3357 Quae
1185 3299 1260 3342 vero

63 3429 70 3440 ,
150 3383 256 3446 eodem
273 3381 387 3466 judicio
410 3379 625 3464 comprehensa
648 3391 731 3455 sunt,
755 3370 874 3466 chelys,
901 3374 1000 3460 στιῖξ,
1026 3371 1123 3460 caecil,
1151 3374 1207 3466 (dap
1230 3393 1262 3443 33

150 3496 272 3560 cetera,
299 3481 374 3546 nihil
403 3483 514 3546 hahent
542 3462 661 3566 iniquo
684 3481 794 3544 offendi
815 3483 934 3567 possit,
966 3481 1025 3546 nisi
1058 3483 1134 3566 quod
1155 3503 1259 3546 mono·

149 3587 265 3673 syllaba
287 3597 369 3661 sunt,
395 3587 480 3671 cujus
503 3585 624 3671 generis
645 3584 677 3647 in
696 3596 827 3669 utroque
849 3581 989 3650 sermone
1013 3607 1086 3650 usus
1109 3584 1220 3648 rarior.

235 3687 304 3755 Jam
325 3711 399 3755 vero
421 3690 458 3752 ad
480 3710 516 3753 ea
530 3687 746 3773 transgrediar,
757 3673 846 3770 'quae
859 3709 913 3751 our
925 3691 1062 3775 adoptata
1076 3688 1150 3764 sint,
1174 3688 1282 3773 pror-¹

149 3814 202 3858 sus
232 3793 306 3856 nihil
332 3792 459 3866 rationis
489 3791 591 3856 afferri
619 3800 729 3876 potest.
787 3790 918 3854 Primum
946 3793 1040 3877 igitur
1061 3787 1202 3860 Δωδῶκι
1230 3800 1262 3852 33

151 3895 302 3966 Δωὸῶκιι
309 3893 451 3959 Technici
465 3895 616 3980 proprium
638 3891 857 3973 nominativum
872 3892 982 3957 hahere
1004 3905 1129 3979 negant,
1152 3893 1205 3957 sed
1221 3911 1262 3955 ex

150 4000 246 4084 prima
267 3998 468 4063 declinatione
500 3999 537 4060 ad
559 3985 680 4062 tertiam
701 3997 871 4060 aberratum
894 3989 961 4058 esse
983 4018 1015 4060 v.
1041 3995 1209 4080 Stephanus
1231 4015 1258 4056 s.

150 4123 183 4164 v.
206 4101 340 4166 loannes
361 4123 391 4186 p.
416 4099 474 4164 ll.
495 4112 527 4165 et
549 4101 663 4165 Aneod.
681 4121 717 4192 p.
731 4096 827 4166 1228.
852 4097 903 4182 qui
925 4119 992 4162 cum
1013 4097 1065 4162 illo
1089 4106 1262 4181 comparant

149 4201 274 4292 ςῦσμῑκι
295 4205 498 4281 homericum,
529 4203 703 4290 sapphicum
733 4203 797 4270 coci
819 4199 996 4294 31363333,
1023 4203 1108 4287 cujus
1130 4198 1261 4266 dativum
