2940 4894
218 287 289 362 mo
584 285 894 397 uqssuararro
925 285 971 360 u.

216 479 344 554 excepto
367 458 507 558 βράκας.
550 465 609 532 Sed
635 464 764 554 βρᾶναι
789 464 1118 530 allartGrammaticus
1140 465 1227 534 Laid.
1252 467 1337 534 Gre-

216 572 302 657 gorio
324 573 500 656 subjunctus
521 591 551 654 p.
576 565 652 633 689.
678 589 715 635 ac
736 569 764 641 si
784 567 814 630 id
836 588 953 660 quoque
974 569 1120 652 rejectum
1142 569 1252 646 fuerit,
1283 582 1338 640 ta-

215 695 286 744 men
306 673 483 742 vocabulum
505 671 692 755 solivagum,
719 669 895 754 primaeque
917 669 1075 758 positionis
1096 692 1207 736 vereor
1231 684 1265 737 ut
1287 695 1337 738 ex

217 776 366 847 communi
388 774 526 859 analogia
549 772 680 858 judicari
707 773 813 856 possit.
859 772 892 840 si
920 756 985 856 quis
1014 783 1112 838 tamen
1140 774 1192 838 illa
1219 787 1335 841 neuma

126 903 128 912 ’
216 900 285 950 esse
307 879 410 956 malit,
442 877 472 940 id
494 877 571 960 quod
593 874 719 940 Vossius
745 875 780 936 ad
804 873 842 936 H.
866 873 904 936 H.
929 874 961 937 in
985 875 1056 942 Cer.
1079 874 1155 940 318.
1185 879 1221 941 de
1241 902 1335 964 pam.

216 974 301 1070 σηγύ
320 981 500 1063 statuit⁴⁸)‚
524 976 660 1061 equidem
678 998 739 1040 non
756 975 891 1059 praecise
914 998 1021 1062 negem
1043 978 1201 1063 aliquando
1223 983 1255 1045 in
1272 1002 1336 1046 usu

215 1085 309 1156 fuisse
331 1083 479 1169 adjectiva
502 1077 596 1169 βρίς,
624 1075 690 1159 λίς,
716 1079 809 1167 ῥῆϊς,
839 1079 965 1163 reputa,
997 1091 1028 1144 et
1055 1092 1142 1146 extat
1170 1093 1252 1148 certe
1278 1081 1336 1158 tin

215 1187 276 1252 alio
297 1172 467 1270 intellectu,
491 1203 588 1269 neque
609 1180 798 1272 idrefellam
820 1193 947 1256 accentu
969 1183 1099 1248 nominis
1118 1177 1173 1275 ῥᾴ,
1195 1186 1334 1257 simodo

216 1289 291 1359 illud
317 1307 493 1364 conoessum
520 1284 631 1363 fuerit,
663 1304 701 1346 ea
726 1284 874 1368 adjectiva
901 1306 1008 1356 manca
1030 1307 1099 1352 esse
1127 1299 1158 1353 et
1180 1289 1330 1362 obsoleta.

217 1390 328 1457 Cetera
355 1399 408 1452 ant
428 1386 547 1472 propria
568 1397 641 1452 sunt
667 1406 761 1468 eaque
785 1387 945 1472 peregrina
966 1389 1107 1474 pleraque
1129 1381 1188 1464 Aoi
1196 1437 1206 1468 ,
1230 1390 1333 1468 Xuoi.
1388 1407 1391 1414 '

216 1489 310 1572 aad,
342 1511 417 1574 qnae
441 1488 643 1573 Goettlingius
665 1487 858 1555 circumflecti
877 1489 966 1574 jubet
992 1491 1073 1558 sicut
1095 1491 1250 1556 literarum
1274 1515 1334 1558 no·

216 1595 299 1666 mina
319 1605 377 1668 πῖ,
400 1591 444 1660 ab
466 1602 525 1656 eto.
550 1585 729 1665 dedocent.
751 1611 781 1672 p.
802 1588 876 1654 116.
903 1590 976 1658 126.
999 1604 1030 1659 et
1046 1592 1181 1664 Addend.
1201 1618 1231 1680 p.
1248 1595 1329 1661 407.

218 1693 299 1784 Σμύ
320 1693 471 1771 Plutarch.
496 1694 532 1756 de
554 1691 594 1756 Is.
615 1691 711 1755 LXll.
735 1690 809 1770 189.
833 1691 877 1784 pu
899 1694 1000 1784 (ρἡν
1021 1709 1056 1763 ut
1076 1698 1198 1784 μῆον),
1224 1700 1332 1778 σποῦ,

217 1799 305 1888 φοῦ,
327 1808 380 1881 aut
401 1794 669 1883 epiphthegmatica
688 1794 757 1882 βᾶ,
778 1795 850 1881 μᾷ,
874 1797 944 1874 ποῖ,
974 1819 1049 1883 quae
1071 1823 1128 1884 quo
1150 1802 1269 1866 facilius
1291 1805 1332 1868 ab

216 1899 476 1986 interjectionibus
492 1897 557 1988 ped,
579 1897 640 1984 φῦ,
658 1888 719 1984 βή,
738 1891 788 1984 qud
809 1899 1042 1984 distinguantur,
1066 1903 1242 1987 appellativa
1263 1906 1333 1972 sive

217 1997 503 2090 Ιπροςηγορεντικοξ
526 1999 643 2086 (Sobol.
665 1999 701 2062 ll.
722 1999 774 2064 Vl.
796 1998 888 2084 518.)
912 2004 1123 2086 cognominare
1145 2007 1229 2070 libet.
1267 2008 1334 2082 Ant

219 2105 359 2180 omnino,
390 2103 460 2194 quid
481 2103 561 2179 sint,
593 2103 745 2179 uescitur,
777 2113 811 2166 ut
836 2103 978 2189 pleraque
1001 2105 1209 2192 Hesychiana=
1248 2108 1333 2198 Θρῶ

193 2200 334 2296 lapda,
369 2199 448 2276 Klol
478 2204 563 2289 (post
589 2204 792 2296 κλειδοῦχος)
819 2200 1012 2292 abacosque,
1050 2207 1126 2288 Σκῶ
1154 2211 1330 2302 παιδίσκη,

218 2309 384 2398 eujusmodi
405 2307 551 2372 nonnulla
572 2307 605 2372 in
626 2308 727 2402 priore
750 2329 866 2406 quoque
887 2310 1082 2409 reperiuntur
1102 2335 1228 2412 gonaro,
1251 2319 1333 2403 quod

217 2416 251 2492 in
273 2433 436 2491 consonam
457 2409 535 2489 exit.

676 2585 887 2609 r--·-·-··s

679 2735 979 2807 cnr.11.'‘

260 2870 312 2935 Da
346 2867 589 2938 formatione
621 2837 817 2931 nominum
848 2859 1148 2952 primitivorum
1181 2871 1221 2936 ln
1250 2894 1284 2956 o,

565 2971 582 3047 ξ
610 2981 649 3040 et
675 2983 705 3058 ψ
736 2970 979 3035 exeuntium.

728 3140 758 3224 §-
784 3139 816 3204 1.

303 3259 450 3346 Exposita
476 3259 564 3346 hujus
592 3259 729 3324 universi
756 3260 878 3344 generis
904 3261 1052 3328 varietate
1080 3265 1255 3353 conjectura
1280 3275 1331 3331 est

216 3364 386 3451 perfacilis,
423 3385 550 3449 quonam
576 3363 609 3428 in
636 3375 814 3447 argumento
841 3365 956 3430 versati
982 3367 1044 3432 sint
1070 3377 1208 3436 veterum
1232 3367 1330 3432 Tech-

217 3469 354 3543 nioorum
374 3465 415 3544 ii,
439 3468 489 3560 qui
511 3467 547 3540 de
568 3465 784 3560 monosyllabis
806 3467 1002 3554 scripserunt.
1035 3469 1157 3538 Etenim
1179 3480 1210 3536 et
1231 3489 1329 3555 genus

284 3740 331 3807 18)
348 3740 401 3791 lloc
420 3746 505 3792 sumto
521 3737 650 3810 paocquc
666 3741 840 3794 nominativus
854 3741 991 3794 masculini
1007 3743 1068 3804 erit,
1087 3741 1237 3812 pariterque
1253 3735 1330 3813 ldis,

215 3820 312 3892 acidis,
331 3827 406 3886 ,siout
422 3833 540 3886 veterum
558 3828 687 3884 nonnullis
705 3825 791 3887 ὄφεως
812 3835 840 3879 et
856 3823 941 3882 α’κέων
958 3845 1034 3882 casus
1052 3832 1119 3887 recti
1140 3829 1330 3894 adjectivorum

215 3913 361 3974 visisunt,
388 3911 541 3978 quibuscum
557 3911 642 3965 latina
658 3930 766 3976 versus,
778 3931 908 3982 prorsus,
928 3930 1017 3977 secas,
1036 3915 1105 3979 lars,
1126 3932 1233 3978 reeens,
1255 3917 1329 3968 dein·

216 4013 290 4064 ceps,
318 3997 431 4050 conferri
452 4006 568 4066 possunt.
606 3997 685 4050 Nobis
708 4001 856 4052 credibilius
876 4001 997 4065 videtur,
1023 4003 1071 4054 illa
1094 4003 1176 4068 sigma
1199 4003 1328 4055 adscitum

215 4084 312 4136 babere
329 4091 360 4135 nt
376 4087 481 4153 πέρυσι,
499 4088 616 4156 adpotus,
635 4075 714 4152 aba»,
732 4077 829 4153 oddus,
848 4079 942 4157 abaco,
959 4085 1036 4162 χῶρι,
1054 4091 1144 4161 χωρίς,
1162 4086 1237 4160 pallo,
1255 4082 1328 4154 dan,

214 4161 345 4238 ἄντικρυς
362 4176 412 4222 eto.
