2926 4886
207 305 279 380 171
567 297 886 368 ntssnnnnnto
913 299 959 366 ll.

207 487 261 556 31.
284 484 346 556 ede
368 477 457 572 φλοά
479 480 546 548 Nic.
563 480 656 547 Alex.
677 439 752 547 300.
776 493 841 546 tum
864 482 954 545 etiam
977 480 1159 568 composita:
1184 479 1246 552 τὸν
1268 485 1328 571 ἔν-

207 593 292 684 χλοα
320 587 418 652 Ther.
442 583 518 650 076.
558 582 620 668 αδν
648 574 858 672 δονακόχλοα
886 584 961 648 Eur.
987 584 1050 670 lph.
1074 586 1112 649 T.
1138 583 1214 651 400.
1250 587 1330 670 quod

207 689 447 778 antiquissimum
468 687 590 754 videtur
617 686 708 772 hujus
731 686 872 751 licentiae
895 688 1066 773 exemplum
1097 699 1128 754 et
1152 689 1272 776 saepius
1295 692 1329 755 in

206 795 316 884 plurali
338 797 372 862 οἱ
404 785 527 865 adeone
549 789 676 854 Philcm.
711 789 832 876 Fragm.
859 789 1086 857 0111111430.
1114 797 1148 860 ol
1169 788 1329 872 εὔπνοεο,
1374 813 1380 820 ’

148 928 151 938 ·
178 983 180 988 .
208 900 294 966 codd.
319 896 403 962 Harl.
435 905 467 960 et
488 893 559 958 Vat.
583 890 709 956 Arataei
741 892 814 958 Cur.
839 892 924 956 Diut.
958 891 1000 988 l.¹
1019 894 1058 971 3,
1090 893 1165 960 305.
1190 901 1226 964 el
1248 893 1332 984 ὁμό-

208 1025 310 1094 χροας
338 998 423 1064 Paul.
447 995 524 1082 Aeg.
550 995 603 1074 lV,
628 994 661 1072 5,
686 993 762 1059 133.
791 991 873 1069 cotie
894 989 1023 1085 οἴχνοας
1043 998 1178 1063 Maneth.
1202 998 1227 1065 Ι.
1251 999 1328 1066 127.

110 1153 114 1163 ,
208 1106 286 1192 quod
306 1099 414 1187 nuperi
429 1100 560 1164 editores
573 1096 754 1163 Dorvillium
776 1100 895 1183 sequuti
916 1101 949 1164 in
971 1094 1098 1190 cipuovc
1119 1103 1326 1166 demutarent.

208 1206 351 1294 Polybius
374 1205 410 1268 de
424 1203 512 1266 barb.
536 1225 566 1287 p.
590 1199 667 1268 230.
691 1201 806 1267 Anecd.
830 1201 928 1266 Boiss.
953 1203 989 1266 Τ.
1008 1203 1061 1268 lll.
1084 1204 1262 1268 barbarismi
1286 1226 1331 1270 ex

150 1345 156 1362 ‚
208 1311 385 1396 pleonasmo
413 1317 446 1370 et
467 1305 566 1390 ellipsi
597 1305 662 1368 nati
694 1303 834 1388 exemplo
863 1306 1003 1390 proponit
1031 1307 1181 1392 genitivos
1203 1307 1333 1399 Αἰσχί-

207 1433 292 1486 νοας
313 1419 346 1474 at
366 1407 611 1495 Λημοσθένοο,
635 1425 710 1491 quos
732 1407 768 1468 eh
791 1405 940 1491 aliquibus
974 1421 1134 1496 usurpatos
1165 1428 1234 1476 esse
1264 1433 1332 1476 ma-

154 1511 157 1534 '
207 1514 351 1581 nilestum
373 1521 420 1579 est
448 1531 490 1576 ex
512 1510 634 1589 ceteris,
659 1529 734 1592 quae
757 1507 865 1589 affert3
896 1522 1058 1597 utrumque
1087 1524 1188 1578 autem
1210 1515 1333 1600 peperit

207 1617 348 1702 ambigna
380 1615 493 1700 primae
521 1611 680 1697 positionis
708 1611 835 1695 species.
882 1612 980 1678 Simili
1013 1637 1118 1679 errore
1140 1615 1242 1680 Latini
1264 1639 1332 1682 non

207 1720 306 1786 solum
327 1737 437 1804 graeca
458 1727 568 1780 neutra
594 1716 628 1780 in
643 1700 676 1782 α
694 1714 839 1777 exeuntia
868 1715 905 1779 ad
933 1715 1059 1801 primam
1089 1718 1328 1796 transtulerunt,

159 1815 166 1822 ’
208 1821 303 1906 hujus
324 1841 442 1906 ορωαο,
465 1819 619 1896 sebeniae,
643 1817 816 1903 orygem,
841 1820 984 1896 enectae,
1008 1831 1061 1884 aut
1078 1832 1195 1898 contra,
1218 1801 1332 1907 synth-

208 1933 308 2000 meta,
334 1924 521 2008 epitomate,
551 1922 717 1986 sedetiam
742 1919 908 1986 mascuhna
929 1922 1160 2001 effeminarunt,
1184 1935 1327 2003 metreta,

208 2026 365 2112 authepsa,
393 2023 528 2100 cochlea,
553 2033 584 2088 et
605 2045 624 2088 a
644 2023 810 2109 pluralibus
833 2023 951 2109 graecis
969 2025 1125 2091 linxerunt
1140 2027 1326 2112 orthoptota,

209 2129 284 2194 haec
306 2127 400 2207 athla,
424 2127 513 2212 hujus
536 2127 662 2206 athlae,
679 2127 754 2192 haec
776 2147 915 2203 sesama,
947 2128 1035 2214 hujus
1061 2134 1252 2216 sesama024)
1273 2132 1327 2195 iis·

210 2234 336 2318 demque
360 2229 538 2316 complacuit
559 2250 578 2294 a
599 2251 687 2296 sacer
708 2251 826 2295 sacrem
848 2241 879 2294 et
900 2251 1001 2297 sacres
1020 2231 1164 2313 formare,
1188 2253 1328 2318 avesper

209 2355 337 2420 vespere
359 2334 425 2399 sive
446 2332 589 2418 vesperi,
616 2354 752 2418 agenor
782 2334 955 2420 generibus
1000 2333 1106 2419 Neque
1128 2357 1199 2400 raro
1221 2336 1327 2400 termi-

209 2439 292 2503 natio
315 2435 494 2502 nominativi
515 2435 640 2520 pluralis
663 2437 777 2501 duobus
799 2437 927 2501 flexibus
951 2438 1117 2502 communis
1140 2459 1260 2503 oausam
1281 2449 1326 2502 at·

209 2541 281 2607 tuht
307 2540 521 2607 ehematicnis.
580 2538 702 2604 Etenim
732 2559 790 2624 qua
823 2541 942 2604 rationo
971 2540 1099 2624 genitivi
1127 2543 1324 2618 corilionem,

210 2645 384 2720 clerorum,
409 2643 553 2718 iliorum,
575 2644 784 2718 moeniorum,
817 2644 1055 2730 oeetz'gah’crum
1078 2643 1142 2707 nati
1163 2654 1252 2719 sunt,
1281 2645 1326 2708 ita

208 2748 453 2837 Lycophronem,
477 2755 512 2807 ut
533 2765 553 2807 a
571 2742 668 2830 μῆλα
681 2740 850 2831 ,ινηλοέτων
867 2747 1058 2831 produceret,
1081 2745 1219 2810 illexisse
1241 2747 1325 2811 vide·

210 2863 261 2932 tur
281 2849 376 2916 fallax
398 2845 560 2942 simihtudb
583 2847 738 2911 nominum
769 2847 894 2938 decipe,
924 2841 1091 2934 δοροίαων,
1125 2848 1236 2936 γοῦνα
1257 2847 1324 2912 sive

209 2953 325 3020 aeolice
346 2946 432 3041 γόνα
455 2939 591 3039 (ydonee)
618 2941 788 3038 νονοῖαων.
834 2952 879 3015 Αο
908 2951 1042 3016 vicissim
1072 2949 1125 3014 alii
1153 2961 1225 3026 τοῖς
1247 2943 1325 3018 δού-

208 3079 281 3144 ροις
308 3055 453 3120 dixerunt
485 3052 608 3138 Oppian.
640 3054 707 3118 Hal.
733 3053 785 3119 lll.
820 3053 894 3120 573.
932 3066 963 3120 et
991 3065 1064 3128 τοῖς
1094 3046 1193 3128 οἴνοις
1221 3075 1254 3119 v.
1285 3054 1324 3118 ad

208 3159 323 3245 Phryn.
354 3179 385 3242 p.
409 3155 485 3220 211.
514 3155 706 3221 lenocinante
733 3159 863 3222 fortasse
897 3168 1024 3222 accentu
1055 3156 1154 3220 minus
1185 3155 1324 3241 legitimo

207 3256 354 3348 γούνων,
377 3251 522 3348 δούρων,
546 3252 653 3326 ὤτων.
699 3259 783 3324 lloud
817 3281 858 3325 ex
887 3260 946 3324 alio
973 3262 1057 3325 fonte
1086 3268 1247 3323 manarunt
1272 3257 1323 3320 da-

207 3365 265 3432 tivi
286 3353 525 3450 ααθνμοὲαοις,
547 3362 711 3447 poematis,
734 3363 991 3448 peripetasmatis,
1013 3363 1124 3438 oleris,
1147 3381 1273 3444 quorum
1295 3358 1322 3422 si

207 3466 405 3543 nominativi,
435 3486 509 3550 quos
533 3464 640 3530 Celsus
663 3466 917 3543 comminiscitur,
946 3475 1144 3552 pecccatum,
1162 3471 1322 3548 petesma·

154 3570 160 3577 ’
208 3579 285 3647 tum,
307 3567 341 3632 in
356 3589 413 3632 usu
427 3569 568 3648 luissent,
592 3567 685 3634 dativi
707 3589 768 3636 non
789 3568 1025 3666 admetaplasto
1045 3569 1247 3691 reserpentur,
1266 3563 1321 3628 sed

207 3673 243 3736 ad
265 3669 456 3748 heteroclila,
479 3673 559 3737 sicut
579 3672 698 3736 urbium
719 3667 936 3758 regionumque
958 3671 1080 3736 nomina
1101 3670 1125 3760 ἦ
1147 3674 1270 3758 Εμιοα
1290 3680 1322 3733 et

206 3770 252 3850 ecl,
266 3768 408 3861 Ἕμιοα,
429 3771 454 3861 ἤ
474 3765 608 3843 ‘Yrcoiee
631 3785 663 3840 et
683 3773 727 3842 coi
743 3769 894 3851 Ὗπατα,
918 3774 1070 3861 Synnada,
1096 3773 1226 3860 Stagira,
1249 3773 1323 3836 Ala-

206 3879 304 3944 banda
332 3889 364 3943 et
394 3877 523 3964 plurima
555 3876 628 3942 talia
656 3877 733 3962 apud
761 3877 918 3962 utriusque
946 3877 1069 3964 linguae
1100 3877 1264 3963 scriptores
1286 3897 1320 3939 v.

207 4045 420 4062 w-

274 4133 320 4201 at)
336 4133 470 4186 luvenalis
488 4134 645 4186 nominativo
663 4135 750 4199 graeei
765 4109 898 4200 ¹participii
915 4128 1084 4204 χειρονομῶν
1103 4131 1259 4187 assimilavit
1277 4145 1319 4182 ac-

207 4221 354 4274 cusativum
372 4221 586 4284 chironomanta,
606 4229 637 4274 ut
654 4219 805 4290 Xenophon,
824 4219 1004 4288 Xenophonte.
