2930 4872
329 310 387 376 DE
412 309 599 376 tutuct.
623 310 835 378 lllllOlllL.
864 313 900 378 C.
922 313 980 380 tv.
1003 317 1032 401 5.
1055 316 1086 382 t.
1200 321 1268 390 261

158 489 199 558 ed
211 488 333 579 νεκρόν
346 488 404 558 καὶ
417 487 549 578 ἡμίζαν
563 485 603 555 τὸ
615 484 789 575 η’μιθανές
800 491 963 558 Herodian.
979 493 1076 579 Epim.
1093 517 1122 581 p.
1136 495 1212 564 239.
1222 501 1269 588 ³0)

157 589 281 673 ἀείζων
301 595 398 666 ἕλκος
419 617 451 658 v.
469 594 601 660 Ellendt.
619 592 699 656 Lex.
717 593 807 678 Soph.
831 595 868 659 Τ.
888 595 912 659 l.
932 595 986 662 24.
1010 592 1159 686 ὄργανον
1179 595 1269 683 ὄζων

158 696 260 761 Prool.
283 697 316 760 in
335 696 415 760 Ttm.
439 695 465 760 1.
488 695 520 760 4.

614 1028 727 1081 cat.
770 1027 822 1082 lV.

245 1151 295 1217 lle
324 1172 471 1237 genere
500 1159 645 1216 ueutro
673 1149 962 1234 adjectivorum
993 1151 1029 1216 in
1058 1179 1077 1240 ρ
1107 1168 1138 1222 et
1164 1147 1186 1228 ὁ

592 1252 847 1316 exeuntium'

669 1423 698 1506 5.
725 1422 757 1486 t.

246 1545 342 1626 Quum
363 1544 577 1630 adjectivorum
600 1545 830 1629 compositorum
856 1545 1084 1614 terminationes
1111 1571 1269 1636 percense·

95 1649 103 1682 ³
160 1669 238 1725 rem,
262 1649 360 1711 dedita
381 1667 472 1732 opera
493 1646 654 1730 unicuique
677 1647 815 1732 exempla
836 1648 957 1732 generis
978 1651 1117 1716 neutrius
1137 1655 1268 1740 subjeoi3

161 1751 238 1838 quod
260 1771 356 1835 genus
384 1771 459 1835 quae
485 1762 539 1814 aut
564 1771 655 1835 aegre
684 1751 843 1814 admittunt
870 1762 922 1816 aut
945 1752 1078 1818 funditus
1100 1757 1268 1840 repudiant,

160 1875 242 1918 nuno
270 1874 423 1937 exponere
450 1853 609 1938 aggrediar
635 1853 754 1920 omissis
781 1853 936 1938 adjectivis
963 1854 996 1918 in
1024 1877 1046 1922 α
1074 1859 1268 1940 exeuntibuS,

162 1955 302 2040 quoniam
325 1957 398 2020 haeo
420 1957 453 2020 in
475 1956 510 2019 G.
529 1956 553 2020 1.
577 1967 662 2042 parte
685 1966 822 2020 extrema
845 1970 1076 2024 commemorata
1097 1971 1178 2025 suut.
1210 1961 1269 2028 Eo-

160 2079 229 2121 rum
251 2079 326 2142 quae
345 2069 463 2123 restant
483 2059 610 2143 primum
633 2069 681 2122 est
698 2057 796 2128 τέκεα
813 2054 972 2146 άπάτορα
990 2061 1064 2126 Eur.
1083 2062 1173 2127 llere.
1193 2061 1267 2130 114.

160 2161 254 2246 φῦλα
268 2152 426 2247 αἶμήτορα
442 2162 565 2246 Oppian.
582 2161 660 2248 Cyn.
675 2158 713 2225 11.
732 2159 805 2225 567.
829 2157 916 2230 nouo*
930 2155 1142 2253 διδυμάνορα
1156 2166 1268 2232 Aeseh.

161 2263 245 2346 Sept.
270 2260 345 2334 849.
376 2260 522 2350 εὐήνορα
544 2255 680 2352 ἀγαθαί,
709 2255 851 2350 λαγατρα1
874 2263 1004 2350 Hesyoh.
1035 2287 1109 2353 quae
1136 2270 1270 2334 sermoni

160 2366 313 2430 communi
341 2367 486 2452 quomodo
515 2366 649 2452 adaptari
677 2365 811 2450 possint,
850 2365 981 2430 ostendit
1007 2367 1164 2452 Lyoophro
1192 2367 1266 2436 328.

158 2462 330 2556 τριποὲτρῳ
355 2461 529 2560 φασγάνῳ.
566 2468 642 2531 Huic
664 2469 838 2532 subnectam
860 2467 989 2552 simplex
1010 2470 1104 2533 affinis
1127 2473 1270 2538 termina-

162 2573 254 2640 tionis
276 2571 365 2638 Paus.
384 2570 440 2634 IX.
459 2570 513 2637 29.
533 2570 564 2634 1.
584 2569 806 2662 Καλλίμαχος
827 2565 985 2659 μάρτυρα
1007 2583 1155 2642 ποιεῖται
1170 2569 1270 2664 Ἠγε-

162 2673 263 2744 αίαοα
283 2670 326 2740 ταὶ
348 2677 430 2760 ἔπη,
455 2675 532 2756 quod
554 2673 654 2738 dubito
677 2695 748 2739 num
771 2673 944 2736 Siebelisius
966 2683 1050 2738 reete
1073 2696 1139 2740 oum
1162 2677 1269 2762 ἔπηλυ

159 2773 251 2864 ὕδωρ
280 2787 453 2860 componat,
488 2777 524 2840 de
553 2799 609 2861 quo
638 2776 674 2841 C.
699 2775 751 2839 lll.
783 2775 811 2859 §.
835 2774 867 2842 9.
897 2775 1047 2852 diximus,
1085 2797 1146 2845 nou
1173 2777 1270 2844 solum

163 2881 232 2964 quia
250 2879 378 2963 simplex
397 2889 456 2956 est,
480 2880 531 2944 sed
553 2879 643 2945 etiam
662 2879 729 2963 quia
748 2878 836 2942 aliam
856 2899 1018 2944 consonam
1037 2871 1159 2948 hahet'u
1177 2881 1270 2968 stirpo
1376 2922 1380 2934 .

160 2979 471 3072 podpeoprtraotam.
527 2981 688 3046 Pausanias
720 2973 891 3067 μαρτύρια
923 2981 1055 3048 scribere
1087 2993 1205 3070 poterat
1237 2994 1272 3050 ut

161 3089 269 3153 Strabo
291 3085 327 3148 L.
353 3083 433 3148 Vlll.
457 3083 532 3149 481.
564 3081 653 3157 τινὲς
676 3081 719 3151 ταὶ
742 3080 903 3153 Λακτίαα
929 3074 1064 3170 νόμιμα
1089 3083 1273 3156 ποιοῦνται

160 3181 345 3280 μαρτύρια,
365 3188 419 3250 sed
434 3187 555 3251 videtur
569 3185 736 3250 masculino
753 3185 796 3250 uti
812 3185 965 3262 maluisse,
986 3187 1061 3270 quod
1077 3186 1159 3252 Plato
1173 3187 1268 3274 Legg.

160 3293 229 3360 Vll.
255 3289 329 3358 823.
353 3279 399 3352 A]
426 3311 492 3352 oum
517 3300 626 3352 neutro
654 3287 813 3374 conjunxit
841 3283 879 3354 ‘co'
907 3285 1019 3374 παρόν
1046 3285 1133 3374 ἡμῖν
1158 3289 1268 3358 τανῦν

159 3393 239 3467 οἷον
266 3387 425 3482 μάρτυροι
453 3386 666 3478 ἐπαγόμεθα.
719 3391 879 3474 Ceteroqui
909 3389 977 3453 huio
1006 3390 1075 3453 usui
1104 3400 1172 3474 apta
1200 3403 1271 3456 sunt

163 3498 313 3584 adjeotiva
330 3487 571 3584 ἐπιγῖαρταρος,
591 3489 861 3584 προςμαῖρταρος,
884 3482 1140 3582 σαμγαῖρταρος,
1161 3485 1270 3580 α’μᾰρ·

162 3669 377 3688 auu—*t*-

234 3772 280 3838 30)
294 3765 434 3840 ’Ἀτροφον
454 3765 535 3838 γονῆα
555 3771 601 3819 καὶ
625 3761 698 3827 dicum
721 3764 830 3830 Quintil.
850 3765 881 3816 do
899 3761 965 3817 llus.
986 3762 1016 3815 ll.
1040 3763 1097 3816 151.
1135 3762 1181 3816 lllo
1203 3764 1270 3818 lorto

163 3860 281 3913 ooourrit
297 3857 412 3909 Philonis
429 3856 516 3917 loeus,
543 3867 617 3921 quem
635 3853 661 3902 in
678 3851 801 3918 Aglaoplr.
821 3867 846 3918 p.
867 3851 943 3905 1310.
964 3849 1056 3912 attuli,
1081 3848 1113 3904 ἰν
1130 3851 1188 3905 τοῖς
1205 3848 1271 3907 tm..

161 3947 344 4017 γραφομέναις
361 3939 493 3998 tenetur
508 3933 697 4008 ὖπομνῆμασι,
716 3953 766 4004 quo
783 3937 838 3988 looo
855 3937 1017 3989 scribendum
1035 3943 1075 3988 ost
1092 3931 1204 4004 ζαδίαν,
1223 3937 1270 3990 loo

163 4040 206 4084 est
223 4032 250 4090 in
268 4028 457 4086 commentariis
477 4028 508 4078 do
526 4025 680 4083 animalibus
698 4024 795 4084 saeris,
815 4039 952 4091 eorumque
970 4022 1214 4086 signilloationibus,
1234 4017 1269 4075 roi

162 4111 236 4186 παρ’
250 4111 413 4188 Αἰγυπτίοις
429 4111 489 4186 ἱεραὶ
506 4109 607 4180 totta,
625 4103 663 4167 δι’
682 4103 720 4166 ὦν
737 4105 864 4178 δηλοῦται
880 4107 915 4163 ταὶ
934 4105 1084 4180 πράγματα
1102 4107 1186 4178 Soltol.
1201 4103 1266 4158 Vou.

164 4201 210 4256 VI·
231 4201 289 4256 1118.
