2914 4882
223 321 555 392 DESUBSTANT.1.
579 319 736 390 nucum.
760 323 901 392 hnuto.
926 325 1004 393 lON.
1035 329 1064 412 5.
1085 325 1118 392 7.
1168 315 1239 396 hil

128 516 228 574 νοιῐοι
253 505 387 590 stu-egula
409 501 609 582 cnllculnrinp
633 507 703 567 nan
723 509 759 570 ut
784 503 820 568 th
843 498 947 593 dyneus·
969 498 1119 594 ἄγκυρα,
1148 505 1242 576 ελέ-

128 631 197 682 mcc
221 607 387 692 λ’έοιιιρον,
418 608 490 670 item
512 627 530 670 ε
554 598 683 692 ια’ρφορ
710 599 866 693 ια’ρφνροι
895 606 962 672 duci
983 617 1092 692 potest.
1138 609 1178 675 Et
1199 631 1241 676 cx

92 767 95 770 .
128 711 184 776 illo
214 712 278 796 ipso
304 709 455 793 Euripidis
486 707 552 772 loco
574 707 742 794 Hesychius
771 701 946 795 καρφιιλοές
973 709 1039 775 sive
1067 703 1242 798 scppcpcir

130 814 190 892 (sic
212 813 292 876 enim
315 811 470 895 scribitur)
492 811 709 894 iuterpretatur
729 807 865 888 ιιολτοις,
891 813 1026 898 idemque
1049 814 1146 898 paullo
1168 825 1240 880 suto

127 910 318 1001 chprlpoc
340 911 493 992 νοοοιοιί,
526 908 675 997 θάμνοι.
735 911 927 1012 Κολαριοιίοι
956 915 1002 1000 (ct
1031 916 1240 1003 ιιολαμοιῑον)

128 1018 223 1102 vulgo
248 1016 382 1080 locustcc
415 1025 461 1079 est
483 1029 593 1078 nomeu
621 1035 640 1078 c
669 1015 864 1080 similitudine
887 1016 991 1081 columi
1015 1017 1157 1096 ductump
1186 1038 1240 1105 pro

127 1115 269 1206 ειοιλελινιρ
290 1118 356 1202 quis
379 1116 491 1180 dixerit
512 1117 728 1201 incompertum
759 1119 921 1198 bohemos,
952 1137 1048 1202 neque
1077 1120 1241 1206 locupletes

127 1233 271 1288 suctores
300 1221 428 1306 appellnt
456 1218 630 1283 Eustotltins
659 1241 689 1304 p.
721 1219 822 1297 1181,
845 1220 899 1286 47.
924 1221 1019 1289 καλεῖ
1050 1219 1115 1305 orire
1140 1219 1241 1292 untd-

128 1345 204 1412 pcrpr
229 1319 249 1389 ὁ
275 1322 383 1397 occide
416 1316 605 1407 ἅνθρωπος
638 1322 853 1408 calunnius,
883 1324 931 1388 oui
964 1323 1118 1388 consentit
1140 1324 1240 1391 Schol.

53 1445 57 1455 ·
128 1427 261 1492 Τλιοοοο.
286 1425 310 1489 l.
334 1425 388 1492 52.
421 1447 452 1490 r.
477 1425 580 1488 sturm
606 1423 685 1488 llisl.
711 1425 789 1490 ttrc.
824 1447 855 1510 p.
880 1425 955 1492 173.
1000 1425 1074 1492 ltem
1096 1425 1239 1512 λιμναία

129 1527 541 1616 ο1ριελιοοοιλο,εἰοοδλε
574 1525 658 1610 copis
687 1527 810 1592 dermur-
837 1527 1002 1605 librorum,
1032 1529 1111 1594 node
1143 1541 1242 1596 sumto

130 1644 220 1712 snut,
245 1629 483 1715 intelligeremus
505 1629 634 1694 fortasse
663 1629 814 1694 incussum
837 1629 958 1710 offerris
989 1631 1076 1696 sedes
1099 1631 1240 1715 palustris

130 1735 249 1820 quidem
268 1732 388 1820 Λίμνη
408 1731 517 1794 dicitur
538 1741 570 1796 ct
582 1729 741 1816 Aemulus
763 1730 846 1795 nullo
868 1731 1039 1797 intellectus
1055 1733 1239 1813 discrimine,

128 1837 183 1902 sed
205 1854 314 1922 magno
335 1832 555 1917 eloquuticnis‚
587 1835 660 1919 quud
685 1835 771 1920 quale
799 1833 841 1898 sit
863 1855 903 1898 ex
925 1834 1094 1900 nominibus
1123 1826 1241 1902 urbium

123 1933 229 2014 Ἕλος
254 1937 443 2020 (Velabrum)
473 1945 506 1999 et
524 1930 622 2003 Ἐλέοι
642 1937 708 2002 sire
736 1935 846 2005 Βελέο
876 1935 1005 2022 intelligi
1038 1947 1148 2022 potest.
1195 1939 1240 2004 llo

130 2038 257 2128 ούρολοι
285 2051 316 2106 et
337 2035 462 2126 περαλο
492 2039 604 2104 dictum
638 2049 706 2116 estc
737 2040 773 2104 dc
803 2036 1066 2126 περιιοφοιλειίο,
1095 2041 1172 2125 quod
1193 2051 1241 2106 est

128 2143 222 2208 unius
245 2141 365 2229 generis
387 2152 419 2206 et
439 2159 501 2206 non
522 2141 670 2226 plurhmr,
693 2141 792 2206 dicore
825 2161 1091 2226 supervacaneum.
1139 2143 1242 2231 Προ-

127 2237 229 2332 venri
247 2265 307 2308 non
329 2243 425 2308 solnm
447 2242 676 2328 cotinncmffinri
691 2236 920 2330 προνομεύειν
935 2244 1066 2325 denotat,
1083 2245 1136 2310 sed
1150 2245 1241 2310 etism

127 2344 365 2414 instrumentum
392 2357 426 2412 ut
446 2341 576 2436 προχοή
599 2357 630 2410 et
650 2336 824 2434 προβολή,
849 2344 928 2428 quod
948 2344 1045 2430 ipsum
1067 2356 1114 2412 est
1135 2349 1241 2431 probo·

129 2449 223 2516 scidis
245 2471 367 2526 nomeu,
390 2471 447 2514 nec
469 2448 564 2513 solum
588 2447 801 2535 projectionem
823 2449 876 2512 scd
894 2447 984 2512 etium
999 2469 1064 2512 rern
1079 2450 1241 2533 projectum

129 2563 163 2617 et
185 2561 370 2636 praetentum
391 2551 523 2616 ostendit
550 2559 582 2614 ct
608 2551 663 2616 hnc
684 2551 802 2616 rationo
832 2549 971 2635 congruit
997 2569 1064 2614 cnm
1095 2549 1240 2616 feminino

129 2653 272 2741 adjectivi
292 2646 517 2740 mporripcscoe,
539 2655 616 2739 quod
634 2654 733 2738 ipsum
754 2655 790 2718 ult
812 2675 870 2718 usu
891 2662 1051 2728 remotum,
1075 2651 1128 2716 sed
1149 2651 1235 2716 lemi-

130 2757 205 2822 ninu
231 2756 339 2840 positio
366 2763 486 2821 retento
513 2767 558 2820 est
587 2757 623 2820 cd
650 2755 874 2842 significandum
903 2753 1126 2840 proboscidem,
1158 2753 1238 2820 sicut

129 2854 351 2947 περιβόλαιον
374 2859 484 2923 dicitur
504 2879 557 2943 pro
579 2855 756 2946 περιβολή,
778 2873 809 2925 ct
830 2851 1036 2948 προβόλοιος
1055 2857 1131 2941 opud
1146 2855 1240 2922 Hero-

129 2963 233 3028 dotnrn
262 2982 316 3045 pro
345 2957 514 3049 πρόβολος
534 2961 600 3026 sive
621 2954 807 3050 προβόλιον
838 2962 896 3026 diui
918 2961 1053 3040 videtur,
1078 2967 1241 3044 contraque

129 3060 216 3151 εὐνή
239 3085 292 3150 pro
321 3055 508 3130 ἐνεύναιον.
552 3063 668 3128 Dehinc
689 3054 850 3152 npcrnpop'
874 3073 905 3128 et
926 3059 1125 3150 προνομοίοι
1150 3061 1183 3126 in
1204 3059 1241 3126 li·

129 3169 195 3234 hris
217 3166 380 3252 permutnri
406 3166 506 3230 solent
537 3188 568 3231 v.
601 3167 724 3230 Diodcr.
748 3164 846 3230 XVll.
871 3163 923 3232 88.
949 3165 1093 3234 Holclo
1121 3164 1238 3249 quotics

130 3270 262 3356 legitur,
294 3269 383 3333 toties
404 3267 578 3332 concionem
600 3278 632 3332 et
654 3269 941 3344 confabulatorem,
974 3268 1100 3352 denique
1123 3267 1234 3344 locum,

130 3372 183 3438 ulti
205 3369 434 3445 concionentur,
458 3369 608 3454 significat
628 3392 659 3435 r.
685 3370 859 3436 Schneider.
884 3371 920 3433 nd
940 3369 1091 3454 Thcopltr.
1119 3385 1146 3452 p.
1162 3366 1237 3432 761.

130 3485 248 3562 portam
271 3495 345 3538 vero
368 3489 531 3556 nnuqcem.
575 3473 620 3538 Ac
648 3472 814 3556 siquando
841 3471 877 3535 nd
896 3471 984 3555 hujus
1006 3470 1135 3535 nominis
1156 3470 1241 3544 simi·

130 3577 288 3642 litndiuem
311 3577 450 3651 occessit,
475 3574 506 3638 id
528 3575 632 3639 eudem
651 3577 770 3642 ratione
788 3573 903 3650 evenit,
927 3590 984 3656 qun
1005 3563 1099 3658 θύριι
1122 3583 1153 3636 et
1172 3577 1241 3638 θει-

130 3678 226 3766 ρειίοι,
250 3687 319 3742 utut
339 3678 478 3755 diversa,
509 3677 593 3742 uices
622 3698 691 3742 suns
717 3685 887 3760 permutare
917 3683 1052 3759 possunt.
1095 3673 1241 3758 majorem

131 3783 170 3848 cd
191 3781 426 3865 persuadendum
454 3780 515 3844 vim
545 3780 633 3844 hebet
655 3777 834 3863 οεληνοίοι,
858 3797 916 3860 qun
937 3775 1063 3860 primum
1093 3795 1165 3839 usos
1193 3786 1241 3842 est

130 3883 328 3968 Empedocles
349 3905 382 3948 v.
408 3881 482 3946 177.
516 3893 579 3946 tum
600 3879 814 3964 Aristophanes
845 3878 989 3942 rusticum
1014 3877 1162 3962 quendem
1184 3877 1241 3944 hoc
1379 3883 1381 3890 ’

131 3996 270 4050 mentem
291 3985 416 4060 inducit,
439 3985 545 4050 de'iudc
566 3984 724 4069 Euripides
746 3992 834 4065 utque
856 3980 1046 4070 Theocritus,
1075 3981 1125 4064 qui
1146 3981 1241 4046 multo

132 4109 151 4154 ε
173 4088 290 4174 plchejo
311 4107 450 4154 sermone
472 4080 706 4163 libctc'hn'lcnt,
730 4084 778 4154 hic
800 4082 899 4169 operis
914 4083 1062 4150 rationem
1082 4093 1238 4167 sequutus,

132 4188 187 4258 illc
198 4191 344 4278 plsnsum
365 4189 536 4328 pophlprem
558 4211 725 4278 qusercns3
748 4187 819 4275 dinc
836 4187 873 4252 nd
887 4185 1040 4272 Sophistps
1055 4184 1240 4262 transduxit,
