2914 4882
183 343 187 350 .
214 296 284 364 aro
578 279 913 364 nrssnauarro
927 295 967 366 v.

214 483 309 570 igitur
330 497 420 544 causa
441 487 489 541 cst
512 497 568 540 cur
587 469 799 566 daptdodsjpo
820 476 980 542 'l'bcocrito
1003 479 1098 544 eximi
1119 481 1234 561 nolim,
1266 485 1327 550 etsi

207 585 295 650 aliud
321 582 409 666 bujus
437 578 664 664 significationis
693 579 863 662 exemplum
890 579 999 644 afferre
1028 601 1174 666 nequeam
1202 599 1328 670 praeter

213 697 354 751 neutrum
373 673 569 766 οιιιόδηρον.
606 681 638 743 Si
656 702 731 745 vcro
749 680 823 745 baec
840 683 911 759 duo,
935 704 1011 770 quae
1033 686 1119 750 mode
1140 689 1323 771 perstrinxi,

214 788 362 874 adjectiva
381 795 466 859 suut,
490 783 517 848 si
537 778 687 872 νονιλγχη
708 802 824 867 quoque
845 785 941 848 morbi
960 807 1083 863 nomen,
1107 791 1186 876 qnod
1208 801 1240 855 et
1262 786 1326 858 uci-

212 885 336 980 οιορχος
358 887 478 964 dicitur,
505 887 573 972 quid
596 884 648 949 illa
669 886 811 950 videntur
831 909 907 971 quae
928 909 947 952 a
968 890 1136 970 nominibus
1159 895 1325 978 composita

214 995 308 1066 sunt?
340 991 436 1056 Vinea
457 988 636 1084 uon‘solum
658 981 838 1054 οἰνόπιδον
860 990 969 1054 dicitur
990 1001 1024 1054 ut
1046 983 1237 1071 οἰκόπεδον,
1258 989 1326 1084 yrj-

211 1095 334 1170 πεδον,
352 1088 585 1167 λαιιιιόπεδον,
612 1083 808 1180 όρχίπεδον,
841 1092 894 1156 sed
919 1093 1008 1157 etiam
1033 1095 1212 1182 οἰνοπὲδη,
1245 1099 1325 1181 quod

212 1197 392 1284 adjectivum
415 1215 482 1258 csse
504 1194 561 1258 boc
582 1193 700 1258 facilius
723 1193 908 1270 adducimur,
932 1197 1009 1278 quod
1029 1196 1178 1281 Oppianus
1200 1201 1324 1284 scripsit

214 1301 293 1386 Cyn.
317 1299 370 1364 lV.
394 1274 469 1362 531.
499 1294 694 1386 οἶνοπέδῃοι
717 1293 988 1386 φοτηρομίῃοιν,
1017 1319 1036 1362 a
1058 1299 1241 1366 Schneidero
1266 1303 1324 1366 im·
1437 1240 1444 1541 j

134 1437 137 1441 ·
211 1413 358 1468 mutatum
383 1401 436 1464 sed
457 1399 579 1484 injuria.
626 1399 657 1462 Si
678 1399 897 1464 substantivum
923 1420 991 1464 osse
1014 1401 1180 1478 credimus,
1210 1404 1324 1470 mirum

205 1517 260 1592 „est
281 1527 336 1570 cur
357 1502 553 1587 compositum
578 1501 654 1566 alius
676 1501 716 1566 sit
737 1501 858 1585 generis
886 1511 917 1566 et
942 1503 1163 1568 terminationis
1192 1527 1228 1570 ac
1250 1507 1324 1570 sim-
1442 1541 1443 1546 κ

145 1603 154 1612 “
211 1610 302 1694 ples,
334 1626 432 1689 neque
454 1604 510 1668 boc
531 1603 628 1668 solum
652 1605 684 1668 in
706 1602 867 1689 odvoaes'dp
890 1605 1012 1668 eveniat
1038 1607 1091 1670 sed
1116 1607 1148 1670 in
1171 1607 1322 1692 pluribus,

209 1701 391 1800 κιναχύρα,
413 1697 627 1793 λιαόψαρος,
653 1701 818 1794 plantor,
841 1705 1012 1792 μέταυλος
1020 1754 1031 1784 ,
1061 1710 1138 1792 quod
1159 1720 1192 1774 et
1212 1723 1325 1776 neutro

211 1833 324 1900 genere
348 1809 458 1873 dicitur
478 1805 517 1876 cd
536 1808 711 1895 μέταυλον
733 1820 767 1874 ut
786 1801 957 1898 perilopor
982 1821 1013 1874 ct
1032 1803 1218 1898 γεώλοφον.
1264 1815 1325 1878 Sed

211 1935 287 2000 quac
315 1912 491 1998 simplicium
519 1904 775 1978 substantivorum
804 1913 930 1976 formam
958 1913 1093 1978 retinent
1120 1914 1323 1996 immutatam,

210 2011 403 2104 ddpopedlp,
427 2011 637 2090 collectoris,
659 2005 871 2100 prodeundo,
893 2010 1111 2093 ὀξαολκανδα,
1133 2015 1326 2086 leoncianu-

210 2125 276 2196 θα,
300 2111 517 2207 eosdemne,
539 2111 749 2206 didopotvoc,
772 2111 981 2207 ὀξιλοχοινος,
1004 2117 1138 2204 τρίοδος
1158 2132 1219 2185 etc.
1242 2122 1326 2207 pari-

210 2225 267 2288 bus
288 2223 427 2306 utrinque
446 2221 558 2284 distant
576 2220 759 2284 intervallis.
790 2219 866 2286 Nam
889 2231 925 2284 ut
944 2215 1133 2310 οἷνριὲλαιος
1155 2243 1217 2286 non
1234 2226 1325 2290 modo

211 2324 397 2390 substantive
430 2323 580 2408 significat
611 2323 774 2388 oleastrum
809 2323 862 2386 sed
895 2324 986 2388 etiam
1018 2325 1166 2410 adjective
1199 2326 1324 2404 dicitur,

203 2419 360 2514 ouucoilp
379 2421 581 2515 ἀγριέλαιος,
604 2425 683 2488 idem
705 2425 738 2488 in
758 2423 949 2492 ιιαλλιελαία
971 2428 1096 2510 quadrat
1103 2454 1114 2504 ς
1143 2427 1327 2513 copelata
1357 2411 1360 2414 ’

210 2553 285 2597 vero
307 2542 338 2594 ct
354 2527 522 2619 χαμελαία
545 2528 621 2592 baud
644 2528 730 2592 dubie
749 2528 936 2592 substantiva
958 2540 1030 2594 sunt
1047 2531 1220 2614 composita.
1256 2530 1325 2596 Nec

212 2635 369 2719 quidquam
391 2633 506 2708 obstat,
536 2630 693 2718 quominus
714 2631 890 2694 femininum
911 2631 1051 2717 adjectivi
1072 2629 1326 2709 πολνοῖκανδος

211 2735 347 2801 absolute
368 2745 498 2818 ponatur
520 2732 701 2799 substantivi
721 2733 820 2796 instar
840 2743 960 2798 retenta
981 2735 1077 2798 forma
1098 2735 1259 2819 simplicis;
1287 2747 1332 2822 ct·

211 2839 249 2902 ad
276 2837 353 2900 banc
374 2835 532 2901 formulam
558 2836 686 2920 reliqua.
732 2835 766 2898 ln
788 2835 909 2898 oraculo
932 2835 1021 2900 Pans.
1045 2835 1246 2924 v111.‚9‚2.
1278 2839 1326 2908 οὗ

211 2937 345 3027 τρίοδος
366 2939 422 3006 uni
443 2935 622 3025 τετράοδος
643 2937 701 3005 καὶ
720 2937 1010 3015 πεντακέλευθος,
1038 2940 1105 3022 quis
1128 2962 1188 3004 non
1211 2963 1325 3008 concc-

212 3044 263 3106 dat
280 3042 338 3106 tria
355 3043 502 3128 adjectiva
521 3043 682 3126 conjuncta
698 3040 794 3104 videri
812 3040 1067 3105 substantivorum
1086 3043 1223 3106 vicaria?
1252 3044 1327 3110 llis-

214 3165 271 3230 que
294 3145 443 3220 omnibus,
466 3145 493 3210 si
513 3143 677 3210 masculina
699 3153 782 3218 sunt,
806 3142 912 3228 subjici
932 3154 1031 3230 potest
1050 3165 1160 3223 nomen
1178 3145 1327 3230 generale

169 3260 172 3270 '
210 3242 334 3324 τόπος,
363 3247 390 3310 si
411 3247 567 3324 feminina,
590 3245 664 3310 illud
685 3245 800 3330 ipsum,
828 3244 860 3308 in
883 3247 960 3336 quod
982 3245 1134 3324 desinunt,
1158 3239 1253 3326 ὁδός,
1280 3251 1326 3314 si·
1441 3256 1444 3277 ¹

212 3361 264 3416 cut
283 3345 307 3436 vj
328 3339 553 3436 detinuimus,
574 3344 598 3434 ἦ
619 3343 830 3437 ἰτεὸκριθος,
855 3345 880 3433 ἠ
900 3348 1128 3436 πανσέληνος,
1154 3347 1179 3436 ἠ
1199 3350 1327 3439 τετραλ-

213 3454 346 3542 βιβλος.
378 3452 423 3516 Ac
441 3473 479 3516 ne
498 3471 571 3535 opus
591 3451 708 3534 quidem
730 3461 777 3516 est
794 3450 1012 3535 supplemento,
1036 3452 1060 3516 si
1080 3473 1232 3517 sumamus
1256 3476 1324 3532 eos,

212 3557 262 3641 qui
284 3555 372 3642 primi
396 3556 486 3620 rebus
508 3552 653 3634 vocabula
676 3553 866 3637 imposuere,
898 3575 1111 3644 nonnunquam
1136 3555 1326 3622 substantias

210 3659 374 3744 appellasse
396 3656 542 3742 adjective
564 3655 712 3739 aspceie,
736 3675 822 3739 qnam
844 3676 915 3739 prae
935 3676 968 3719 se
990 3657 1118 3736 ferrent,
1143 3658 1323 3725 eminentis-

210 3761 285 3825 sima
311 3772 343 3826 et
368 3761 406 3824 ad
426 3759 722 3830 animadvertendum
750 3757 881 3828 maxime
906 3757 1038 3843 insigni,
1070 3770 1160 3843 atque
1186 3761 1321 3847 exempli

210 3883 300 3927 cansa
328 3862 438 3929 editam
464 3860 575 3926 montis
602 3871 717 3946 partem
745 3857 809 3946 cajo
830 3853 940 3948 οἵιιραν
965 3861 1129 3947 appellasse
1157 3883 1220 3928 non
1243 3865 1322 3950 quod

209 4107 296 4154 nutem
314 4097 331 4158 ὅ
347 4097 498 4174 οἶνοδὴραι
514 4110 639 4168 vocatur,
665 4109 761 4156 natura
778 4103 890 4171 ignotior
907 4112 949 4158 est
966 4118 1042 4174 quam
1062 4111 1093 4158 ut
1111 4119 1194 4171 senus
1217 4104 1320 4172 agnosci

102 4231 107 4246 .
208 4187 299 4255 ponit,
1195 4183 1198 4192 “
