<?xml version="1.0" encoding="UTF-8"?>
<!DOCTYPE html PUBLIC "-//W3C//DTD XHTML 1.0 Transitional//EN"
    "http://www.w3.org/TR/xhtml1/DTD/xhtml1-transitional.dtd">
<html xmlns="http://www.w3.org/1999/xhtml" xml:lang="en" lang="en">
 <head>
  <title>
</title>
<meta http-equiv="Content-Type" content="text/html;charset=utf-8" />
  <meta name='ocr-system' content='tesseract 3.04.00' />
  <meta name='ocr-capabilities' content='ocr_page ocr_carea ocr_par ocr_line ocrx_word'/>
</head>
<body>
  <div class='ocr_page' id='page_1' title='image "./paralipomenagra00dindgoog_0141.png"; bbox 0 0 2940 4894; ppageno 0'>
   <div class='ocr_carea' id='block_1_1' title="bbox 222 269 980 406">
    <p class='ocr_par' dir='ltr' id='par_1_1' title="bbox 222 269 980 406">
     <span class='ocr_line' id='line_1_1' title="bbox 222 269 980 406; baseline -0.013 -28"><span class='ocrx_word' id='word_1_1' title='bbox 222 309 292 380; x_wconf 78' lang='lat' dir='ltr'><strong>rna</strong></span> <span class='ocrx_word' id='word_1_2' title='bbox 336 269 339 276; x_wconf 73' lang='grc'><strong>’</strong></span> <span class='ocrx_word' id='word_1_3' title='bbox 399 394 405 406; x_wconf 35' lang='grc'><strong>,</strong></span> <span class='ocrx_word' id='word_1_4' title='bbox 587 303 906 371; x_wconf 74' lang='lat' dir='ltr'><strong>nrssunrnrro</strong></span> <span class='ocrx_word' id='word_1_5' title='bbox 935 303 980 369; x_wconf 93' lang='lat' dir='ltr'><strong>n.</strong></span> 
     </span>
    </p>
   </div>
   <div class='ocr_carea' id='block_1_2' title="bbox 105 477 1405 2524">
    <p class='ocr_par' dir='ltr' id='par_1_2' title="bbox 105 477 1344 2318">
     <span class='ocr_line' id='line_1_2' title="bbox 222 477 1342 572; baseline -0.006 -15"><span class='ocrx_word' id='word_1_6' title='bbox 222 492 322 557; x_wconf 90' lang='lat' dir='ltr'><strong>tiones</strong></span> <span class='ocrx_word' id='word_1_7' title='bbox 344 487 494 553; x_wconf 86' lang='lat' dir='ltr'><strong>adverbiis</strong></span> <span class='ocrx_word' id='word_1_8' title='bbox 513 505 630 570; x_wconf 85' lang='lat' dir='ltr'><strong>quoque</strong></span> <span class='ocrx_word' id='word_1_9' title='bbox 651 478 785 548; x_wconf 86' lang='lat' dir='ltr'><strong>redditae</strong></span> <span class='ocrx_word' id='word_1_10' title='bbox 808 495 879 548; x_wconf 91' lang='lat' dir='ltr'><strong>sunt</strong></span> <span class='ocrx_word' id='word_1_11' title='bbox 900 477 1002 570; x_wconf 78' lang='grc' dir='ltr'><strong><em>ἄμιίξ,</em></strong></span> <span class='ocrx_word' id='word_1_12' title='bbox 1022 480 1174 571; x_wconf 64' lang='lat' dir='ltr'><strong>rapuerint,</strong></span> <span class='ocrx_word' id='word_1_13' title='bbox 1197 479 1342 572; x_wconf 77' lang='grc' dir='ltr'><strong><em>ἄγαμίξ,</em></strong></span> 
     </span>
     <span class='ocr_line' id='line_1_3' title="bbox 222 580 1343 678; baseline -0.008 -19"><span class='ocrx_word' id='word_1_14' title='bbox 222 583 338 673; x_wconf 82' lang='grc' dir='ltr'><strong><em>ὄιλᾶξ,</em></strong></span> <span class='ocrx_word' id='word_1_15' title='bbox 356 589 462 678; x_wconf 79' lang='grc' dir='ltr'><strong><em>μίγα,</em></strong></span> <span class='ocrx_word' id='word_1_16' title='bbox 485 582 619 676; x_wconf 84' lang='grc' dir='ltr'><strong><em>ιιρᾶφα,</em></strong></span> <span class='ocrx_word' id='word_1_17' title='bbox 639 584 727 674; x_wconf 98' lang='grc' dir='ltr'><strong><em>λίγα,</em></strong></span> <span class='ocrx_word' id='word_1_18' title='bbox 749 580 843 675; x_wconf 89' lang='grc' dir='ltr'><strong><em>ἄγχι,</em></strong></span> <span class='ocrx_word' id='word_1_19' title='bbox 866 585 931 672; x_wconf 87' lang='grc' dir='ltr'><strong><em>ίφι,</em></strong></span> <span class='ocrx_word' id='word_1_20' title='bbox 953 586 1049 672; x_wconf 82' lang='grc' dir='ltr'><strong><em>τῆλα,</em></strong></span> <span class='ocrx_word' id='word_1_21' title='bbox 1077 607 1170 670; x_wconf 90' lang='lat' dir='ltr'><strong>caque</strong></span> <span class='ocrx_word' id='word_1_22' title='bbox 1192 589 1343 671; x_wconf 85' lang='lat' dir='ltr'><strong>temporis</strong></span> 
     </span>
     <span class='ocr_line' id='line_1_4' title="bbox 222 681 1342 782; baseline -0.004 -23"><span class='ocrx_word' id='word_1_23' title='bbox 222 715 387 782; x_wconf 84' lang='lat' dir='ltr'><strong>progressu</strong></span> <span class='ocrx_word' id='word_1_24' title='bbox 412 693 500 756; x_wconf 90' lang='lat' dir='ltr'><strong>novis</strong></span> <span class='ocrx_word' id='word_1_25' title='bbox 526 703 614 756; x_wconf 90' lang='lat' dir='ltr'><strong>aucta</strong></span> <span class='ocrx_word' id='word_1_26' title='bbox 638 701 710 754; x_wconf 92' lang='lat' dir='ltr'><strong>sunt</strong></span> <span class='ocrx_word' id='word_1_27' title='bbox 733 689 946 764; x_wconf 79' lang='lat' dir='ltr'><strong>incrementis,</strong></span> <span class='ocrx_word' id='word_1_28' title='bbox 976 681 1130 776; x_wconf 77' lang='grc' dir='ltr'><strong><em>μιγᾶἄις,</em></strong></span> <span class='ocrx_word' id='word_1_29' title='bbox 1159 687 1342 775; x_wconf 57' lang='lat' dir='ltr'><strong>conpone,</strong></span> 
     </span>
     <span class='ocr_line' id='line_1_5' title="bbox 221 791 1343 888; baseline -0.007 -24"><span class='ocrx_word' id='word_1_30' title='bbox 221 793 395 888; x_wconf 70' lang='grc' dir='ltr'><strong><em>κρυφηδόν</em></strong></span> <span class='ocrx_word' id='word_1_31' title='bbox 418 807 477 858; x_wconf 81' lang='lat' dir='ltr'><strong>etc.</strong></span> <span class='ocrx_word' id='word_1_32' title='bbox 503 795 641 878; x_wconf 87' lang='lat' dir='ltr'><strong>exemplo</strong></span> <span class='ocrx_word' id='word_1_33' title='bbox 664 793 781 867; x_wconf 88' lang='lat' dir='ltr'><strong>eodem,</strong></span> <span class='ocrx_word' id='word_1_34' title='bbox 806 813 863 874; x_wconf 91' lang='lat' dir='ltr'><strong>quo</strong></span> <span class='ocrx_word' id='word_1_35' title='bbox 886 791 1039 854; x_wconf 85' lang='lat' dir='ltr'><strong>nominum</strong></span> <span class='ocrx_word' id='word_1_36' title='bbox 1062 793 1170 877; x_wconf 76' lang='lat' dir='ltr'><strong>stirpes</strong></span> <span class='ocrx_word' id='word_1_37' title='bbox 1192 793 1343 856; x_wconf 81' lang='lat' dir='ltr'><strong>informes</strong></span> 
     </span>
     <span class='ocr_line' id='line_1_6' title="bbox 152 889 1344 964; baseline -0.005 0"><span class='ocrx_word' id='word_1_38' title='bbox 152 889 156 898; x_wconf 70' lang='grc'><strong>’</strong></span> <span class='ocrx_word' id='word_1_39' title='bbox 223 911 255 964; x_wconf 91' lang='lat' dir='ltr'><strong>ct</strong></span> <span class='ocrx_word' id='word_1_40' title='bbox 281 899 438 962; x_wconf 88' lang='lat' dir='ltr'><strong>inchoatae</strong></span> <span class='ocrx_word' id='word_1_41' title='bbox 465 896 686 961; x_wconf 89' lang='lat' dir='ltr'><strong>articulationis</strong></span> <span class='ocrx_word' id='word_1_42' title='bbox 714 914 803 958; x_wconf 88' lang='lat' dir='ltr'><strong>causa</strong></span> <span class='ocrx_word' id='word_1_43' title='bbox 831 893 1059 957; x_wconf 70' lang='lat' dir='ltr'><strong>terminationes</strong></span> <span class='ocrx_word' id='word_1_44' title='bbox 1086 895 1224 958; x_wconf 78' lang='lat' dir='ltr'><strong>ascivere</strong></span> <span class='ocrx_word' id='word_1_45' title='bbox 1247 915 1344 958; x_wconf 90' lang='lat' dir='ltr'><strong>voca-</strong></span> 
     </span>
     <span class='ocr_line' id='line_1_7' title="bbox 172 992 1344 1094; baseline -0.005 -28"><span class='ocrx_word' id='word_1_46' title='bbox 172 1086 174 1094; x_wconf 15' lang='lat'>!</span> <span class='ocrx_word' id='word_1_47' title='bbox 222 1001 333 1076; x_wconf 89' lang='lat' dir='ltr'><strong>liores,</strong></span> <span class='ocrx_word' id='word_1_48' title='bbox 364 994 526 1085; x_wconf 75' lang='grc' dir='ltr'><strong><em>ἄλφιτον,</em></strong></span> <span class='ocrx_word' id='word_1_49' title='bbox 554 992 716 1085; x_wconf 76' lang='grc' dir='ltr'><strong><em>ἄλειφαρ,</em></strong></span> <span class='ocrx_word' id='word_1_50' title='bbox 746 992 909 1084; x_wconf 76' lang='grc' dir='ltr'><strong><em>ὕφασμα,</em></strong></span> <span class='ocrx_word' id='word_1_51' title='bbox 946 996 1052 1080; x_wconf 92' lang='lat' dir='ltr'><strong>quibus</strong></span> <span class='ocrx_word' id='word_1_52' title='bbox 1080 997 1186 1060; x_wconf 90' lang='lat' dir='ltr'><strong>demtis</strong></span> <span class='ocrx_word' id='word_1_53' title='bbox 1216 997 1344 1060; x_wconf 90' lang='lat' dir='ltr'><strong>uomina</strong></span> 
     </span>
     <span class='ocr_line' id='line_1_8' title="bbox 224 1097 1342 1183; baseline -0.006 -15"><span class='ocrx_word' id='word_1_54' title='bbox 224 1123 291 1168; x_wconf 81' lang='lat' dir='ltr'><strong>cum</strong></span> <span class='ocrx_word' id='word_1_55' title='bbox 313 1102 463 1167; x_wconf 79' lang='lat' dir='ltr'><strong>adverbiis</strong></span> <span class='ocrx_word' id='word_1_56' title='bbox 485 1102 517 1166; x_wconf 93' lang='lat' dir='ltr'><strong>in</strong></span> <span class='ocrx_word' id='word_1_57' title='bbox 538 1121 631 1164; x_wconf 91' lang='lat' dir='ltr'><strong>unum</strong></span> <span class='ocrx_word' id='word_1_58' title='bbox 654 1101 825 1174; x_wconf 87' lang='lat' dir='ltr'><strong>conllunnt,</strong></span> <span class='ocrx_word' id='word_1_59' title='bbox 850 1120 917 1162; x_wconf 88' lang='lat' dir='ltr'><strong>nam</strong></span> <span class='ocrx_word' id='word_1_60' title='bbox 941 1097 1025 1164; x_wconf 80' lang='lat' dir='ltr'><strong>lirun</strong></span> <span class='ocrx_word' id='word_1_61' title='bbox 1048 1109 1078 1162; x_wconf 91' lang='lat' dir='ltr'><strong>et</strong></span> <span class='ocrx_word' id='word_1_62' title='bbox 1099 1117 1153 1183; x_wconf 91' lang='lat' dir='ltr'><strong>pro</strong></span> <span class='ocrx_word' id='word_1_63' title='bbox 1174 1097 1272 1172; x_wconf 79' lang='grc' dir='ltr'><strong><em>λίπος</em></strong></span> <span class='ocrx_word' id='word_1_64' title='bbox 1295 1099 1342 1162; x_wconf 91' lang='lat' dir='ltr'><strong>di-</strong></span> 
     </span>
     <span class='ocr_line' id='line_1_9' title="bbox 223 1194 1342 1290; baseline -0.006 -20"><span class='ocrx_word' id='word_1_65' title='bbox 223 1206 303 1271; x_wconf 86' lang='lat' dir='ltr'><strong>eitur</strong></span> <span class='ocrx_word' id='word_1_66' title='bbox 321 1217 352 1270; x_wconf 89' lang='lat' dir='ltr'><strong>et</strong></span> <span class='ocrx_word' id='word_1_67' title='bbox 368 1226 422 1290; x_wconf 91' lang='lat' dir='ltr'><strong>pro</strong></span> <span class='ocrx_word' id='word_1_68' title='bbox 438 1204 598 1288; x_wconf 78' lang='grc' dir='ltr'><strong><em>λιπαρῶς,</em></strong></span> <span class='ocrx_word' id='word_1_69' title='bbox 618 1206 715 1286; x_wconf 84' lang='lat' dir='ltr'><strong>neque</strong></span> <span class='ocrx_word' id='word_1_70' title='bbox 735 1197 826 1287; x_wconf 81' lang='grc' dir='ltr'><strong><em>ἄμιιξ</em></strong></span> <span class='ocrx_word' id='word_1_71' title='bbox 844 1203 880 1265; x_wconf 87' lang='lat' dir='ltr'><strong>ab</strong></span> <span class='ocrx_word' id='word_1_72' title='bbox 898 1194 989 1288; x_wconf 82' lang='grc' dir='ltr'><strong><em>ἄμιίξ</em></strong></span> <span class='ocrx_word' id='word_1_73' title='bbox 1007 1201 1099 1264; x_wconf 87' lang='lat' dir='ltr'><strong>distat</strong></span> <span class='ocrx_word' id='word_1_74' title='bbox 1119 1203 1179 1266; x_wconf 90' lang='lat' dir='ltr'><strong>nisi</strong></span> <span class='ocrx_word' id='word_1_75' title='bbox 1197 1213 1342 1266; x_wconf 89' lang='lat' dir='ltr'><strong>accentu.</strong></span> 
     </span>
     <span class='ocr_line' id='line_1_10' title="bbox 223 1302 1341 1392; baseline -0.004 -21"><span class='ocrx_word' id='word_1_76' title='bbox 223 1307 268 1371; x_wconf 88' lang='lat' dir='ltr'><strong>De</strong></span> <span class='ocrx_word' id='word_1_77' title='bbox 289 1306 504 1392; x_wconf 86' lang='lat' dir='ltr'><strong>monosyllabis</strong></span> <span class='ocrx_word' id='word_1_78' title='bbox 530 1307 607 1388; x_wconf 91' lang='lat' dir='ltr'><strong>quod</strong></span> <span class='ocrx_word' id='word_1_79' title='bbox 632 1303 714 1380; x_wconf 88' lang='lat' dir='ltr'><strong>dixi,</strong></span> <span class='ocrx_word' id='word_1_80' title='bbox 746 1305 825 1368; x_wconf 91' lang='lat' dir='ltr'><strong>idem</strong></span> <span class='ocrx_word' id='word_1_81' title='bbox 848 1306 884 1368; x_wconf 91' lang='lat' dir='ltr'><strong>de</strong></span> <span class='ocrx_word' id='word_1_82' title='bbox 906 1302 1060 1390; x_wconf 92' lang='lat' dir='ltr'><strong>bisyllabis</strong></span> <span class='ocrx_word' id='word_1_83' title='bbox 1084 1305 1213 1390; x_wconf 83' lang='lat' dir='ltr'><strong>intelligi</strong></span> <span class='ocrx_word' id='word_1_84' title='bbox 1236 1305 1341 1379; x_wconf 92' lang='lat' dir='ltr'><strong>debet,</strong></span> 
     </span>
     <span class='ocr_line' id='line_1_11' title="bbox 223 1402 1343 1494; baseline -0.004 -22"><span class='ocrx_word' id='word_1_85' title='bbox 223 1430 349 1493; x_wconf 88' lang='lat' dir='ltr'><strong>quorum</strong></span> <span class='ocrx_word' id='word_1_86' title='bbox 372 1407 487 1494; x_wconf 80' lang='lat' dir='ltr'><strong>syllaba</strong></span> <span class='ocrx_word' id='word_1_87' title='bbox 508 1407 658 1490; x_wconf 79' lang='lat' dir='ltr'><strong>posterior</strong></span> <span class='ocrx_word' id='word_1_88' title='bbox 682 1407 717 1470; x_wconf 89' lang='lat' dir='ltr'><strong>ad</strong></span> <span class='ocrx_word' id='word_1_89' title='bbox 739 1407 833 1490; x_wconf 88' lang='lat' dir='ltr'><strong>ipsam</strong></span> <span class='ocrx_word' id='word_1_90' title='bbox 858 1407 982 1490; x_wconf 84' lang='lat' dir='ltr'><strong>stirpem</strong></span> <span class='ocrx_word' id='word_1_91' title='bbox 1008 1409 1140 1490; x_wconf 90' lang='lat' dir='ltr'><strong>pertinet</strong></span> <span class='ocrx_word' id='word_1_92' title='bbox 1163 1402 1252 1494; x_wconf 76' lang='grc' dir='ltr'><strong><em>ἄβαξ</em></strong></span> <span class='ocrx_word' id='word_1_93' title='bbox 1277 1407 1343 1488; x_wconf 89' lang='lat' dir='ltr'><strong>(in-</strong></span> 
     </span>
     <span class='ocr_line' id='line_1_12' title="bbox 220 1502 1342 1598; baseline -0.004 -22"><span class='ocrx_word' id='word_1_94' title='bbox 220 1509 316 1596; x_wconf 85' lang='lat' dir='ltr'><strong>fans),</strong></span> <span class='ocrx_word' id='word_1_95' title='bbox 338 1502 468 1598; x_wconf 77' lang='grc' dir='ltr'><strong><em>βτίβαξ,</em></strong></span> <span class='ocrx_word' id='word_1_96' title='bbox 490 1504 592 1595; x_wconf 61' lang='lat' dir='ltr'><strong>duct,</strong></span> <span class='ocrx_word' id='word_1_97' title='bbox 615 1503 711 1587; x_wconf 75' lang='grc' dir='ltr'><strong><em>ἄναξ,</em></strong></span> <span class='ocrx_word' id='word_1_98' title='bbox 735 1503 823 1594; x_wconf 60' lang='lat' dir='ltr'><strong>doct.</strong></span> <span class='ocrx_word' id='word_1_99' title='bbox 840 1519 849 1538; x_wconf 74' lang='lat'><strong>·&#39;</strong></span> <span class='ocrx_word' id='word_1_100' title='bbox 861 1509 989 1574; x_wconf 88' lang='lat' dir='ltr'><strong>Veteres</strong></span> <span class='ocrx_word' id='word_1_101' title='bbox 1011 1531 1086 1574; x_wconf 91' lang='lat' dir='ltr'><strong>vero</strong></span> <span class='ocrx_word' id='word_1_102' title='bbox 1110 1531 1171 1573; x_wconf 86' lang='lat' dir='ltr'><strong>non</strong></span> <span class='ocrx_word' id='word_1_103' title='bbox 1193 1510 1266 1573; x_wconf 88' lang='lat' dir='ltr'><strong>baec</strong></span> <span class='ocrx_word' id='word_1_104' title='bbox 1288 1529 1342 1572; x_wconf 92' lang='lat' dir='ltr'><strong>so-</strong></span> 
     </span>
     <span class='ocr_line' id='line_1_13' title="bbox 223 1613 1342 1698; baseline -0.002 -22"><span class='ocrx_word' id='word_1_105' title='bbox 223 1613 285 1676; x_wconf 88' lang='lat' dir='ltr'><strong>lnm</strong></span> <span class='ocrx_word' id='word_1_106' title='bbox 308 1614 449 1677; x_wconf 82' lang='lat' dir='ltr'><strong>afuturo</strong></span> <span class='ocrx_word' id='word_1_107' title='bbox 472 1623 629 1696; x_wconf 90' lang='lat' dir='ltr'><strong>repetunt,</strong></span> <span class='ocrx_word' id='word_1_108' title='bbox 656 1613 718 1676; x_wconf 91' lang='lat' dir='ltr'><strong>sed</strong></span> <span class='ocrx_word' id='word_1_109' title='bbox 731 1613 856 1676; x_wconf 88' lang='lat' dir='ltr'><strong>eandem</strong></span> <span class='ocrx_word' id='word_1_110' title='bbox 878 1613 1027 1676; x_wconf 89' lang='lat' dir='ltr'><strong>rationem</strong></span> <span class='ocrx_word' id='word_1_111' title='bbox 1050 1613 1086 1674; x_wconf 90' lang='lat' dir='ltr'><strong>ad</strong></span> <span class='ocrx_word' id='word_1_112' title='bbox 1107 1613 1200 1676; x_wconf 88' lang='lat' dir='ltr'><strong>verba</strong></span> <span class='ocrx_word' id='word_1_113' title='bbox 1221 1631 1342 1698; x_wconf 87' lang='lat' dir='ltr'><strong>quoquc</strong></span> 
     </span>
     <span class='ocr_line' id='line_1_14' title="bbox 221 1707 1342 1803; baseline 0.007 -25"><span class='ocrx_word' id='word_1_114' title='bbox 221 1715 355 1780; x_wconf 87' lang='lat' dir='ltr'><strong>derivata</strong></span> <span class='ocrx_word' id='word_1_115' title='bbox 377 1715 583 1792; x_wconf 87' lang='lat' dir='ltr'><strong>transierunt,</strong></span> <span class='ocrx_word' id='word_1_116' title='bbox 605 1711 735 1803; x_wconf 83' lang='grc' dir='ltr'><strong><em>ἄρπαξ,</em></strong></span> <span class='ocrx_word' id='word_1_117' title='bbox 759 1707 918 1803; x_wconf 84' lang='grc' dir='ltr'><strong><em>σᾶλττιγξ,</em></strong></span> <span class='ocrx_word' id='word_1_118' title='bbox 943 1709 1062 1801; x_wconf 76' lang='grc' dir='ltr'><strong><em>κήρυξ,</em></strong></span> <span class='ocrx_word' id='word_1_119' title='bbox 1089 1713 1197 1795; x_wconf 73' lang='grc' dir='ltr'><strong><em>ἐλπίς,</em></strong></span> <span class='ocrx_word' id='word_1_120' title='bbox 1219 1713 1342 1802; x_wconf 77' lang='grc' dir='ltr'><strong><em>γῆρυς,</em></strong></span> 
     </span>
     <span class='ocr_line' id='line_1_15' title="bbox 221 1809 1344 1907; baseline -0.007 -21"><span class='ocrx_word' id='word_1_121' title='bbox 221 1809 333 1907; x_wconf 77' lang='grc' dir='ltr'><strong><em>ἰσχύς,</em></strong></span> <span class='ocrx_word' id='word_1_122' title='bbox 361 1819 397 1880; x_wconf 86' lang='lat' dir='ltr'><strong>ab</strong></span> <span class='ocrx_word' id='word_1_123' title='bbox 420 1810 574 1904; x_wconf 80' lang='grc' dir='ltr'><strong><em>ἄριτᾶξω,</em></strong></span> <span class='ocrx_word' id='word_1_124' title='bbox 597 1816 720 1884; x_wconf 71' lang='grc' dir='ltr'><strong><em>ἐλπίσω</em></strong></span> <span class='ocrx_word' id='word_1_125' title='bbox 744 1827 803 1882; x_wconf 90' lang='lat' dir='ltr'><strong>etc.</strong></span> <span class='ocrx_word' id='word_1_126' title='bbox 828 1830 1036 1897; x_wconf 74' lang='lat' dir='ltr'><strong>arcessentes,</strong></span> <span class='ocrx_word' id='word_1_127' title='bbox 1070 1819 1128 1882; x_wconf 92' lang='lat' dir='ltr'><strong>etsi</strong></span> <span class='ocrx_word' id='word_1_128' title='bbox 1150 1817 1215 1881; x_wconf 83' lang='lat' dir='ltr'><strong>fieri</strong></span> <span class='ocrx_word' id='word_1_129' title='bbox 1238 1827 1344 1900; x_wconf 89' lang='lat' dir='ltr'><strong>potest</strong></span> 
     </span>
     <span class='ocr_line' id='line_1_16' title="bbox 105 1918 1342 2015; baseline -0.002 -31"><span class='ocrx_word' id='word_1_130' title='bbox 105 2003 107 2011; x_wconf 12' lang='lat' dir='ltr'>X</span> <span class='ocrx_word' id='word_1_131' title='bbox 154 2011 156 2015; x_wconf 10' lang='grc' dir='ltr'><em>Α</em></span> <span class='ocrx_word' id='word_1_132' title='bbox 221 1931 257 1984; x_wconf 91' lang='lat' dir='ltr'><strong>ut</strong></span> <span class='ocrx_word' id='word_1_133' title='bbox 278 1918 371 1994; x_wconf 74' lang='grc' dir='ltr'><strong><em>ἐλπίς</em></strong></span> <span class='ocrx_word' id='word_1_134' title='bbox 394 1931 425 1984; x_wconf 88' lang='lat' dir='ltr'><strong>et</strong></span> <span class='ocrx_word' id='word_1_135' title='bbox 445 1941 517 2006; x_wconf 78' lang='lat' dir='ltr'><strong>opes</strong></span> <span class='ocrx_word' id='word_1_136' title='bbox 537 1921 619 2005; x_wconf 90' lang='lat' dir='ltr'><strong>prius</strong></span> <span class='ocrx_word' id='word_1_137' title='bbox 642 1931 745 1988; x_wconf 89' lang='lat' dir='ltr'><strong>natum</strong></span> <span class='ocrx_word' id='word_1_138' title='bbox 767 1921 809 1986; x_wconf 89' lang='lat' dir='ltr'><strong>sit</strong></span> <span class='ocrx_word' id='word_1_139' title='bbox 831 1943 918 2010; x_wconf 89' lang='lat' dir='ltr'><strong>quam</strong></span> <span class='ocrx_word' id='word_1_140' title='bbox 941 1919 1059 2002; x_wconf 77' lang='grc' dir='ltr'><strong><em>ἐλπίζω</em></strong></span> <span class='ocrx_word' id='word_1_141' title='bbox 1084 1932 1115 1985; x_wconf 93' lang='lat' dir='ltr'><strong>et</strong></span> <span class='ocrx_word' id='word_1_142' title='bbox 1136 1941 1239 2005; x_wconf 78' lang='lat' dir='ltr'><strong>spero.</strong></span> <span class='ocrx_word' id='word_1_143' title='bbox 1276 1919 1342 1982; x_wconf 91' lang='lat' dir='ltr'><strong>Hu-</strong></span> 
     </span>
     <span class='ocr_line' id='line_1_17' title="bbox 203 2017 1344 2110; baseline -0.002 -24"><span class='ocrx_word' id='word_1_144' title='bbox 203 2035 205 2040; x_wconf 85' lang='lat'>&#39;</span> <span class='ocrx_word' id='word_1_145' title='bbox 215 2023 349 2110; x_wconf 75' lang='lat' dir='ltr'><strong>jusmodi</strong></span> <span class='ocrx_word' id='word_1_146' title='bbox 375 2031 475 2086; x_wconf 89' lang='lat' dir='ltr'><strong>autem</strong></span> <span class='ocrx_word' id='word_1_147' title='bbox 490 2017 670 2087; x_wconf 79' lang='lat' dir='ltr'><strong>&#39;nominibus</strong></span> <span class='ocrx_word' id='word_1_148' title='bbox 696 2025 821 2088; x_wconf 92' lang='lat' dir='ltr'><strong>duarum</strong></span> <span class='ocrx_word' id='word_1_149' title='bbox 844 2034 873 2086; x_wconf 89' lang='lat' dir='ltr'><strong>et</strong></span> <span class='ocrx_word' id='word_1_150' title='bbox 896 2023 976 2087; x_wconf 85' lang='lat' dir='ltr'><strong>ultra</strong></span> <span class='ocrx_word' id='word_1_151' title='bbox 998 2025 1183 2110; x_wconf 87' lang='lat' dir='ltr'><strong>syllabarum</strong></span> <span class='ocrx_word' id='word_1_152' title='bbox 1206 2022 1344 2085; x_wconf 88' lang='lat' dir='ltr'><strong>Graeco-</strong></span> 
     </span>
     <span class='ocr_line' id='line_1_18' title="bbox 221 2116 1339 2214; baseline 0 -24"><span class='ocrx_word' id='word_1_153' title='bbox 221 2147 289 2190; x_wconf 89' lang='lat' dir='ltr'><strong>rum</strong></span> <span class='ocrx_word' id='word_1_154' title='bbox 312 2145 411 2190; x_wconf 90' lang='lat' dir='ltr'><strong>sermo</strong></span> <span class='ocrx_word' id='word_1_155' title='bbox 433 2125 546 2202; x_wconf 87' lang='lat' dir='ltr'><strong>affluit,</strong></span> <span class='ocrx_word' id='word_1_156' title='bbox 569 2121 714 2214; x_wconf 80' lang='grc' dir='ltr'><strong><em>βᾶατιαξ,</em></strong></span> <span class='ocrx_word' id='word_1_157' title='bbox 736 2119 866 2212; x_wconf 63' lang='lat' dir='ltr'><strong>adnot,</strong></span> <span class='ocrx_word' id='word_1_158' title='bbox 892 2119 1006 2204; x_wconf 81' lang='grc' dir='ltr'><strong><em>σᾶλαξ,</em></strong></span> <span class='ocrx_word' id='word_1_159' title='bbox 1029 2121 1197 2214; x_wconf 80' lang='grc' dir='ltr'><strong><em>α’ῤῥᾶβαξ,</em></strong></span> <span class='ocrx_word' id='word_1_160' title='bbox 1221 2116 1339 2213; x_wconf 76' lang='grc' dir='ltr'><strong><em>χᾶραξ,</em></strong></span> 
     </span>
     <span class='ocr_line' id='line_1_19' title="bbox 222 2220 1341 2318; baseline 0 -24"><span class='ocrx_word' id='word_1_161' title='bbox 222 2229 299 2306; x_wconf 75' lang='grc' dir='ltr'><strong><em>ἕλιξ,</em></strong></span> <span class='ocrx_word' id='word_1_162' title='bbox 322 2229 415 2316; x_wconf 81' lang='grc' dir='ltr'><strong><em>ἴλιγξ,</em></strong></span> <span class='ocrx_word' id='word_1_163' title='bbox 439 2226 559 2312; x_wconf 76' lang='grc' dir='ltr'><strong><em>φοίνιξ,</em></strong></span> <span class='ocrx_word' id='word_1_164' title='bbox 584 2223 732 2318; x_wconf 76' lang='grc' dir='ltr'><strong><em>στήριγξ,</em></strong></span> <span class='ocrx_word' id='word_1_165' title='bbox 755 2224 892 2315; x_wconf 62' lang='lat' dir='ltr'><strong>duravi,</strong></span> <span class='ocrx_word' id='word_1_166' title='bbox 916 2221 1114 2315; x_wconf 80' lang='grc' dir='ltr'><strong><em>πομφόλαξ,</em></strong></span> <span class='ocrx_word' id='word_1_167' title='bbox 1137 2220 1293 2316; x_wconf 80' lang='grc' dir='ltr'><strong><em>ἄγιᾶριιγξ</em></strong></span> <span class='ocrx_word' id='word_1_168' title='bbox 1306 2227 1341 2313; x_wconf 80' lang='lat'><strong>²)</strong></span> 
     </span>
    </p>

    <p class='ocr_par' dir='ltr' id='par_1_3' title="bbox 220 2316 1405 2524">
     <span class='ocr_line' id='line_1_20' title="bbox 221 2316 1405 2421; baseline 0 -25"><span class='ocrx_word' id='word_1_169' title='bbox 221 2342 254 2396; x_wconf 87' lang='lat' dir='ltr'><strong>et</strong></span> <span class='ocrx_word' id='word_1_170' title='bbox 275 2351 350 2414; x_wconf 90' lang='lat' dir='ltr'><strong>quae</strong></span> <span class='ocrx_word' id='word_1_171' title='bbox 375 2331 408 2394; x_wconf 91' lang='lat' dir='ltr'><strong>in</strong></span> <span class='ocrx_word' id='word_1_172' title='bbox 425 2316 456 2406; x_wconf 63' lang='lat' dir='ltr'><strong>&#39;g&#39;</strong></span> <span class='ocrx_word' id='word_1_173' title='bbox 471 2350 578 2416; x_wconf 87' lang='lat' dir='ltr'><strong>purum</strong></span> <span class='ocrx_word' id='word_1_174' title='bbox 600 2333 761 2407; x_wconf 88' lang='lat' dir='ltr'><strong>desinunt,</strong></span> <span class='ocrx_word' id='word_1_175' title='bbox 792 2326 891 2411; x_wconf 81' lang='grc' dir='ltr'><strong><em>ἄλυς,</em></strong></span> <span class='ocrx_word' id='word_1_176' title='bbox 918 2325 1039 2421; x_wconf 84' lang='grc' dir='ltr'><strong><em>ἄχνιίς,</em></strong></span> <span class='ocrx_word' id='word_1_177' title='bbox 1065 2329 1186 2420; x_wconf 80' lang='grc' dir='ltr'><strong><em>ἄρκυς,</em></strong></span> <span class='ocrx_word' id='word_1_178' title='bbox 1212 2325 1339 2418; x_wconf 85' lang='grc' dir='ltr'><strong><em>ἄρπιις,</em></strong></span> <span class='ocrx_word' id='word_1_179' title='bbox 1403 2415 1405 2420; x_wconf 23' lang='grc' dir='ltr'>Ι</span> 
     </span>
     <span class='ocr_line' id='line_1_21' title="bbox 220 2425 1339 2524; baseline -0.003 -23"><span class='ocrx_word' id='word_1_180' title='bbox 220 2425 335 2524; x_wconf 86' lang='grc' dir='ltr'><strong><em>ἄχλιίς,</em></strong></span> <span class='ocrx_word' id='word_1_181' title='bbox 357 2431 448 2513; x_wconf 74' lang='grc' dir='ltr'><strong><em>ἰθύς,</em></strong></span> <span class='ocrx_word' id='word_1_182' title='bbox 472 2427 573 2516; x_wconf 83' lang='grc' dir='ltr'><strong><em>οίζιίς,</em></strong></span> <span class='ocrx_word' id='word_1_183' title='bbox 594 2431 756 2524; x_wconf 74' lang='grc' dir='ltr'><strong><em>τονθριλς,</em></strong></span> <span class='ocrx_word' id='word_1_184' title='bbox 775 2447 888 2524; x_wconf 81' lang='grc' dir='ltr'><strong><em>φῖτυς,</em></strong></span> <span class='ocrx_word' id='word_1_185' title='bbox 911 2455 987 2518; x_wconf 89' lang='lat' dir='ltr'><strong>quae</strong></span> <span class='ocrx_word' id='word_1_186' title='bbox 1008 2436 1110 2506; x_wconf 86' lang='lat' dir='ltr'><strong>omnia</strong></span> <span class='ocrx_word' id='word_1_187' title='bbox 1129 2435 1246 2521; x_wconf 88' lang='lat' dir='ltr'><strong>quidem</strong></span> <span class='ocrx_word' id='word_1_188' title='bbox 1265 2455 1339 2500; x_wconf 89' lang='lat' dir='ltr'><strong>ver·</strong></span> 
     </span>
    </p>
   </div>
   <div class='ocr_carea' id='block_1_3' title="bbox 225 2605 439 2620">
    <p class='ocr_par' dir='ltr' id='par_1_4' title="bbox 225 2605 439 2620">
     <span class='ocr_line' id='line_1_22' title="bbox 225 2605 439 2620; baseline 0.005 -2"><span class='ocrx_word' id='word_1_189' title='bbox 225 2605 439 2620; x_wconf 48' lang='lat' dir='ltr'><strong>m</strong></span> 
     </span>
    </p>
   </div>
   <div class='ocr_carea' id='block_1_4' title="bbox 216 2705 1339 3639">
    <p class='ocr_par' dir='ltr' id='par_1_5' title="bbox 216 2705 1339 3639">
     <span class='ocr_line' id='line_1_23' title="bbox 222 2705 1338 2778; baseline 0 -18"><span class='ocrx_word' id='word_1_190' title='bbox 222 2709 304 2760; x_wconf 88' lang='lat' dir='ltr'><strong>ralem</strong></span> <span class='ocrx_word' id='word_1_191' title='bbox 323 2725 338 2760; x_wconf 89' lang='lat' dir='ltr'><strong>a</strong></span> <span class='ocrx_word' id='word_1_192' title='bbox 356 2710 514 2762; x_wconf 88' lang='lat' dir='ltr'><strong>nominativo</strong></span> <span class='ocrx_word' id='word_1_193' title='bbox 531 2705 601 2778; x_wconf 83' lang='grc' dir='ltr'><strong>γλᾶξ</strong></span> <span class='ocrx_word' id='word_1_194' title='bbox 618 2711 788 2770; x_wconf 83' lang='lat' dir='ltr'><strong>translatam,</strong></span> <span class='ocrx_word' id='word_1_195' title='bbox 807 2717 854 2762; x_wconf 91' lang='lat' dir='ltr'><strong>tan</strong></span> <span class='ocrx_word' id='word_1_196' title='bbox 872 2709 1002 2760; x_wconf 88' lang='lat' dir='ltr'><strong>auxiliare</strong></span> <span class='ocrx_word' id='word_1_197' title='bbox 1020 2709 1099 2762; x_wconf 88' lang='lat' dir='ltr'><strong>babet</strong></span> <span class='ocrx_word' id='word_1_198' title='bbox 1116 2717 1148 2761; x_wconf 89' lang='lat' dir='ltr'><strong>nt</strong></span> <span class='ocrx_word' id='word_1_199' title='bbox 1164 2705 1270 2774; x_wconf 73' lang='lat' dir='ltr'><strong>conatis,</strong></span> <span class='ocrx_word' id='word_1_200' title='bbox 1289 2705 1338 2762; x_wconf 83' lang='grc' dir='ltr'><strong><em>διί-</em></strong></span> 
     </span>
     <span class='ocr_line' id='line_1_24' title="bbox 220 2791 1338 2866; baseline -0.002 -19"><span class='ocrx_word' id='word_1_201' title='bbox 220 2793 340 2864; x_wconf 63' lang='grc' dir='ltr'><strong><em>γιαρτος,</em></strong></span> <span class='ocrx_word' id='word_1_202' title='bbox 354 2791 470 2866; x_wconf 27' lang='grc' dir='ltr'><strong><em>,κλέπτω</em></strong></span> <span class='ocrx_word' id='word_1_203' title='bbox 487 2796 596 2863; x_wconf 88' lang='lat' dir='ltr'><strong>(clepo),</strong></span> <span class='ocrx_word' id='word_1_204' title='bbox 615 2792 724 2860; x_wconf 76' lang='grc' dir='ltr'><strong><em>πτόλις,</em></strong></span> <span class='ocrx_word' id='word_1_205' title='bbox 752 2797 885 2864; x_wconf 89' lang='lat' dir='ltr'><strong>ipsumque</strong></span> <span class='ocrx_word' id='word_1_206' title='bbox 903 2797 1012 2846; x_wconf 88' lang='lat' dir='ltr'><strong>latinum</strong></span> <span class='ocrx_word' id='word_1_207' title='bbox 1031 2797 1100 2846; x_wconf 84' lang='lat' dir='ltr'><strong>lactc</strong></span> <span class='ocrx_word' id='word_1_208' title='bbox 1117 2797 1160 2862; x_wconf 90' lang='lat' dir='ltr'><strong>(ut</strong></span> <span class='ocrx_word' id='word_1_209' title='bbox 1178 2795 1263 2858; x_wconf 83' lang='lat' dir='ltr'><strong>osse),</strong></span> <span class='ocrx_word' id='word_1_210' title='bbox 1289 2811 1338 2862; x_wconf 79' lang='lat' dir='ltr'><strong>pro</strong></span> 
     </span>
     <span class='ocr_line' id='line_1_25' title="bbox 222 2881 1337 2952; baseline 0 -20"><span class='ocrx_word' id='word_1_211' title='bbox 222 2897 288 2948; x_wconf 88' lang='lat' dir='ltr'><strong>qno,</strong></span> <span class='ocrx_word' id='word_1_212' title='bbox 308 2883 330 2932; x_wconf 90' lang='lat' dir='ltr'><strong>si</strong></span> <span class='ocrx_word' id='word_1_213' title='bbox 349 2881 576 2932; x_wconf 79' lang='lat' dir='ltr'><strong>lacmasculinum</strong></span> <span class='ocrx_word' id='word_1_214' title='bbox 595 2889 665 2932; x_wconf 87' lang='lat' dir='ltr'><strong>esset</strong></span> <span class='ocrx_word' id='word_1_215' title='bbox 683 2889 730 2933; x_wconf 89' lang='lat' dir='ltr'><strong>aut</strong></span> <span class='ocrx_word' id='word_1_216' title='bbox 748 2883 908 2942; x_wconf 86' lang='lat' dir='ltr'><strong>femininum,</strong></span> <span class='ocrx_word' id='word_1_217' title='bbox 929 2883 1007 2932; x_wconf 78' lang='lat' dir='ltr'><strong>lactis</strong></span> <span class='ocrx_word' id='word_1_218' title='bbox 1025 2883 1157 2933; x_wconf 82' lang='lat' dir='ltr'><strong>diceretur</strong></span> <span class='ocrx_word' id='word_1_219' title='bbox 1174 2890 1204 2934; x_wconf 91' lang='lat' dir='ltr'><strong>ut</strong></span> <span class='ocrx_word' id='word_1_220' title='bbox 1221 2881 1337 2952; x_wconf 84' lang='lat' dir='ltr'><strong>Capena-</strong></span> 
     </span>
     <span class='ocr_line' id='line_1_26' title="bbox 220 2949 1339 3038; baseline 0.001 -20"><span class='ocrx_word' id='word_1_221' title='bbox 220 2968 272 3028; x_wconf 86' lang='lat' dir='ltr'><strong>tis,</strong></span> <span class='ocrx_word' id='word_1_222' title='bbox 296 2966 448 3018; x_wconf 84' lang='lat' dir='ltr'><strong>Sarsinatis.</strong></span> <span class='ocrx_word' id='word_1_223' title='bbox 485 2965 677 3018; x_wconf 83' lang='lat' dir='ltr'><strong>Neminntivnm</strong></span> <span class='ocrx_word' id='word_1_224' title='bbox 700 2969 758 3019; x_wconf 83' lang='lat' dir='ltr'><strong>lact</strong></span> <span class='ocrx_word' id='word_1_225' title='bbox 777 2969 869 3018; x_wconf 89' lang='lat' dir='ltr'><strong>merito</strong></span> <span class='ocrx_word' id='word_1_226' title='bbox 892 2949 1003 3034; x_wconf 84' lang='lat' dir='ltr'><strong>eirplosit</strong></span> <span class='ocrx_word' id='word_1_227' title='bbox 1022 2967 1144 3038; x_wconf 77' lang='lat' dir='ltr'><strong>Struyius</strong></span> <span class='ocrx_word' id='word_1_228' title='bbox 1165 2969 1195 3018; x_wconf 90' lang='lat' dir='ltr'><strong>de</strong></span> <span class='ocrx_word' id='word_1_229' title='bbox 1213 2968 1286 3019; x_wconf 85' lang='lat' dir='ltr'><strong>Decl.</strong></span> <span class='ocrx_word' id='word_1_230' title='bbox 1308 2975 1339 3020; x_wconf 89' lang='lat' dir='ltr'><strong>et</strong></span> 
     </span>
     <span class='ocr_line' id='line_1_27' title="bbox 222 3051 1335 3120; baseline 0 -16"><span class='ocrx_word' id='word_1_231' title='bbox 222 3051 330 3117; x_wconf 78' lang='lat' dir='ltr'><strong>Conjug.</strong></span> <span class='ocrx_word' id='word_1_232' title='bbox 347 3069 372 3120; x_wconf 89' lang='lat' dir='ltr'><strong>p.</strong></span> <span class='ocrx_word' id='word_1_233' title='bbox 388 3053 431 3107; x_wconf 76' lang='grc' dir='ltr'><strong>λθ.</strong></span> <span class='ocrx_word' id='word_1_234' title='bbox 452 3055 497 3104; x_wconf 89' lang='lat' dir='ltr'><strong>sed</strong></span> <span class='ocrx_word' id='word_1_235' title='bbox 515 3053 546 3104; x_wconf 90' lang='lat' dir='ltr'><strong>de</strong></span> <span class='ocrx_word' id='word_1_236' title='bbox 565 3069 674 3120; x_wconf 87' lang='lat' dir='ltr'><strong>apocope</strong></span> <span class='ocrx_word' id='word_1_237' title='bbox 692 3070 742 3104; x_wconf 92' lang='lat' dir='ltr'><strong>non</strong></span> <span class='ocrx_word' id='word_1_238' title='bbox 756 3055 840 3104; x_wconf 90' lang='lat' dir='ltr'><strong>minus</strong></span> <span class='ocrx_word' id='word_1_239' title='bbox 857 3063 939 3115; x_wconf 88' lang='lat' dir='ltr'><strong>errat,</strong></span> <span class='ocrx_word' id='word_1_240' title='bbox 959 3069 1035 3120; x_wconf 78' lang='lat' dir='ltr'><strong>quam</strong></span> <span class='ocrx_word' id='word_1_241' title='bbox 1050 3055 1131 3106; x_wconf 87' lang='lat' dir='ltr'><strong>ceteri</strong></span> <span class='ocrx_word' id='word_1_242' title='bbox 1148 3055 1192 3120; x_wconf 91' lang='lat' dir='ltr'><strong>qui</strong></span> <span class='ocrx_word' id='word_1_243' title='bbox 1206 3054 1335 3120; x_wconf 84' lang='lat' dir='ltr'><strong>Capenas,</strong></span> 
     </span>
     <span class='ocr_line' id='line_1_28' title="bbox 220 3134 1337 3207; baseline 0.001 -17"><span class='ocrx_word' id='word_1_244' title='bbox 220 3138 348 3206; x_wconf 78' lang='lat' dir='ltr'><strong>Arpinas,</strong></span> <span class='ocrx_word' id='word_1_245' title='bbox 373 3137 499 3202; x_wconf 79' lang='lat' dir='ltr'><strong>Urbinas,</strong></span> <span class='ocrx_word' id='word_1_246' title='bbox 525 3141 613 3206; x_wconf 84' lang='lat' dir='ltr'><strong>cujas,</strong></span> <span class='ocrx_word' id='word_1_247' title='bbox 639 3134 767 3200; x_wconf 82' lang='lat' dir='ltr'><strong>seminas,</strong></span> <span class='ocrx_word' id='word_1_248' title='bbox 784 3148 911 3201; x_wconf 78' lang='lat' dir='ltr'><strong>nostrus,</strong></span> <span class='ocrx_word' id='word_1_249' title='bbox 938 3157 970 3191; x_wconf 86' lang='lat' dir='ltr'><strong>ex</strong></span> <span class='ocrx_word' id='word_1_250' title='bbox 993 3141 1130 3207; x_wconf 84' lang='lat' dir='ltr'><strong>Capenatis</strong></span> <span class='ocrx_word' id='word_1_251' title='bbox 1153 3149 1203 3192; x_wconf 92' lang='lat' dir='ltr'><strong>cte.</strong></span> <span class='ocrx_word' id='word_1_252' title='bbox 1231 3140 1337 3192; x_wconf 86' lang='lat' dir='ltr'><strong>concisa</strong></span> 
     </span>
     <span class='ocr_line' id='line_1_29' title="bbox 220 3222 1336 3299; baseline 0.002 -21"><span class='ocrx_word' id='word_1_253' title='bbox 220 3233 325 3299; x_wconf 86' lang='lat' dir='ltr'><strong>putant.</strong></span> <span class='ocrx_word' id='word_1_254' title='bbox 363 3224 530 3278; x_wconf 85' lang='lat' dir='ltr'><strong>Grammatioi</strong></span> <span class='ocrx_word' id='word_1_255' title='bbox 549 3227 636 3291; x_wconf 75' lang='lat' dir='ltr'><strong>graeci</strong></span> <span class='ocrx_word' id='word_1_256' title='bbox 654 3227 718 3291; x_wconf 82' lang='lat' dir='ltr'><strong>baec</strong></span> <span class='ocrx_word' id='word_1_257' title='bbox 738 3227 771 3276; x_wconf 86' lang='lat' dir='ltr'><strong>nd</strong></span> <span class='ocrx_word' id='word_1_258' title='bbox 788 3227 943 3278; x_wconf 80' lang='lat' dir='ltr'><strong>anadrornen</strong></span> <span class='ocrx_word' id='word_1_259' title='bbox 965 3227 1118 3278; x_wconf 84' lang='lat' dir='ltr'><strong>retulissent</strong></span> <span class='ocrx_word' id='word_1_260' title='bbox 1139 3234 1170 3278; x_wconf 86' lang='lat' dir='ltr'><strong>ut</strong></span> <span class='ocrx_word' id='word_1_261' title='bbox 1186 3222 1336 3296; x_wconf 71' lang='grc' dir='ltr'><strong><em>κάρβανος,</em></strong></span> 
     </span>
     <span class='ocr_line' id='line_1_30' title="bbox 216 3302 1336 3383; baseline 0.001 -21"><span class='ocrx_word' id='word_1_262' title='bbox 216 3307 393 3378; x_wconf 66' lang='grc' dir='ltr'><strong><em>Ἀδρύμητα,</em></strong></span> <span class='ocrx_word' id='word_1_263' title='bbox 414 3302 548 3383; x_wconf 66' lang='lat' dir='ltr'><strong>perpende,</strong></span> <span class='ocrx_word' id='word_1_264' title='bbox 569 3309 721 3380; x_wconf 73' lang='grc' dir='ltr'><strong><em>μάρτυροι,</em></strong></span> <span class='ocrx_word' id='word_1_265' title='bbox 747 3328 793 3363; x_wconf 86' lang='lat' dir='ltr'><strong>nos</strong></span> <span class='ocrx_word' id='word_1_266' title='bbox 810 3313 946 3379; x_wconf 74' lang='lat' dir='ltr'><strong>paragogis</strong></span> <span class='ocrx_word' id='word_1_267' title='bbox 964 3313 1177 3372; x_wconf 72' lang='lat' dir='ltr'><strong>adnumeremus,</strong></span> <span class='ocrx_word' id='word_1_268' title='bbox 1204 3320 1235 3363; x_wconf 89' lang='lat' dir='ltr'><strong>ut</strong></span> <span class='ocrx_word' id='word_1_269' title='bbox 1252 3312 1336 3364; x_wconf 82' lang='lat' dir='ltr'><strong>lamn-</strong></span> 
     </span>
     <span class='ocr_line' id='line_1_31' title="bbox 220 3397 1337 3466; baseline 0 -16"><span class='ocrx_word' id='word_1_270' title='bbox 220 3397 279 3462; x_wconf 89' lang='lat' dir='ltr'><strong>lns,</strong></span> <span class='ocrx_word' id='word_1_271' title='bbox 298 3397 457 3462; x_wconf 68' lang='lat' dir='ltr'><strong>morigerus,</strong></span> <span class='ocrx_word' id='word_1_272' title='bbox 477 3398 579 3459; x_wconf 82' lang='lat' dir='ltr'><strong>facilis,</strong></span> <span class='ocrx_word' id='word_1_273' title='bbox 598 3398 739 3459; x_wconf 88' lang='lat' dir='ltr'><strong>discordis,</strong></span> <span class='ocrx_word' id='word_1_274' title='bbox 759 3400 874 3450; x_wconf 86' lang='lat' dir='ltr'><strong>vulturis</strong></span> <span class='ocrx_word' id='word_1_275' title='bbox 894 3407 946 3452; x_wconf 84' lang='lat' dir='ltr'><strong>etc.</strong></span> <span class='ocrx_word' id='word_1_276' title='bbox 981 3398 1048 3452; x_wconf 87' lang='lat' dir='ltr'><strong>Num</strong></span> <span class='ocrx_word' id='word_1_277' title='bbox 1065 3400 1107 3450; x_wconf 88' lang='lat' dir='ltr'><strong>eni</strong></span> <span class='ocrx_word' id='word_1_278' title='bbox 1126 3400 1230 3466; x_wconf 85' lang='lat' dir='ltr'><strong>probari</strong></span> <span class='ocrx_word' id='word_1_279' title='bbox 1248 3405 1337 3465; x_wconf 85' lang='lat' dir='ltr'><strong>potest</strong></span> 
     </span>
     <span class='ocr_line' id='line_1_32' title="bbox 223 3482 1334 3552; baseline 0.001 -17"><span class='ocrx_word' id='word_1_280' title='bbox 223 3482 340 3550; x_wconf 79' lang='lat' dir='ltr'><strong>Campos</strong></span> <span class='ocrx_word' id='word_1_281' title='bbox 356 3499 457 3550; x_wconf 76' lang='lat' dir='ltr'><strong>genua,</strong></span> <span class='ocrx_word' id='word_1_282' title='bbox 482 3484 602 3550; x_wconf 79' lang='lat' dir='ltr'><strong>Arpinas</strong></span> <span class='ocrx_word' id='word_1_283' title='bbox 620 3487 675 3534; x_wconf 75' lang='lat' dir='ltr'><strong>tter</strong></span> <span class='ocrx_word' id='word_1_284' title='bbox 695 3501 742 3552; x_wconf 92' lang='lat' dir='ltr'><strong>per</strong></span> <span class='ocrx_word' id='word_1_285' title='bbox 764 3487 933 3538; x_wconf 85' lang='lat' dir='ltr'><strong>concisionem</strong></span> <span class='ocrx_word' id='word_1_286' title='bbox 956 3493 1041 3540; x_wconf 84' lang='lat' dir='ltr'><strong>ortum</strong></span> <span class='ocrx_word' id='word_1_287' title='bbox 1065 3501 1122 3536; x_wconf 82' lang='lat' dir='ltr'><strong>erse</strong></span> <span class='ocrx_word' id='word_1_288' title='bbox 1145 3501 1178 3537; x_wconf 82' lang='lat' dir='ltr'><strong>ex</strong></span> <span class='ocrx_word' id='word_1_289' title='bbox 1199 3485 1334 3552; x_wconf 73' lang='lat' dir='ltr'><strong>Computa,</strong></span> 
     </span>
     <span class='ocr_line' id='line_1_33' title="bbox 219 3569 1133 3639; baseline -0.001 -14"><span class='ocrx_word' id='word_1_290' title='bbox 219 3569 367 3638; x_wconf 71' lang='lat' dir='ltr'><strong>aspirator</strong></span> <span class='ocrx_word' id='word_1_291' title='bbox 400 3570 478 3622; x_wconf 86' lang='lat' dir='ltr'><strong>Immo</strong></span> <span class='ocrx_word' id='word_1_292' title='bbox 496 3570 601 3624; x_wconf 87' lang='lat' dir='ltr'><strong>brevior</strong></span> <span class='ocrx_word' id='word_1_293' title='bbox 618 3569 705 3622; x_wconf 78' lang='lat' dir='ltr'><strong>formu¹</strong></span> <span class='ocrx_word' id='word_1_294' title='bbox 717 3573 806 3624; x_wconf 86' lang='lat' dir='ltr'><strong>cadem</strong></span> <span class='ocrx_word' id='word_1_295' title='bbox 824 3573 990 3639; x_wconf 80' lang='lat' dir='ltr'><strong>principalior</strong></span> <span class='ocrx_word' id='word_1_296' title='bbox 1008 3572 1133 3624; x_wconf 73' lang='lat' dir='ltr'><strong>labenda.</strong></span> 
     </span>
    </p>
   </div>
   <div class='ocr_carea' id='block_1_5' title="bbox 139 3654 1369 4254">
    <p class='ocr_par' dir='ltr' id='par_1_6' title="bbox 220 3654 1369 4173">
     <span class='ocr_line' id='line_1_34' title="bbox 307 3654 1335 3740; baseline 0.003 -17"><span class='ocrx_word' id='word_1_297' title='bbox 307 3673 336 3740; x_wconf 73' lang='lat'><strong>2)</strong></span> <span class='ocrx_word' id='word_1_298' title='bbox 356 3654 394 3730; x_wconf 78' lang='lat' dir='ltr'><strong>lle</strong></span> <span class='ocrx_word' id='word_1_299' title='bbox 412 3673 542 3724; x_wconf 83' lang='lat' dir='ltr'><strong>industria</strong></span> <span class='ocrx_word' id='word_1_300' title='bbox 558 3675 721 3740; x_wconf 85' lang='lat' dir='ltr'><strong>praetermisi</strong></span> <span class='ocrx_word' id='word_1_301' title='bbox 739 3675 908 3726; x_wconf 82' lang='lat' dir='ltr'><strong>animantium</strong></span> <span class='ocrx_word' id='word_1_302' title='bbox 927 3675 1028 3726; x_wconf 87' lang='lat' dir='ltr'><strong>nomina</strong></span> <span class='ocrx_word' id='word_1_303' title='bbox 1047 3689 1062 3726; x_wconf 82' lang='lat' dir='ltr'><strong>a</strong></span> <span class='ocrx_word' id='word_1_304' title='bbox 1080 3675 1150 3726; x_wconf 89' lang='lat' dir='ltr'><strong>sonis</strong></span> <span class='ocrx_word' id='word_1_305' title='bbox 1168 3675 1335 3727; x_wconf 83' lang='lat' dir='ltr'><strong>naturalibus</strong></span> 
     </span>
     <span class='ocr_line' id='line_1_35' title="bbox 220 3754 1336 3828; baseline 0.003 -18"><span class='ocrx_word' id='word_1_306' title='bbox 220 3760 300 3810; x_wconf 86' lang='lat' dir='ltr'><strong>dueta</strong></span> <span class='ocrx_word' id='word_1_307' title='bbox 317 3758 402 3828; x_wconf 79' lang='grc' dir='ltr'><strong><em>ίιτοφ,</em></strong></span> <span class='ocrx_word' id='word_1_308' title='bbox 420 3757 601 3826; x_wconf 61' lang='lat' dir='ltr'><strong>adaglranu),</strong></span> <span class='ocrx_word' id='word_1_309' title='bbox 622 3759 692 3827; x_wconf 74' lang='grc' dir='ltr'><strong><em>ίβυξ,</em></strong></span> <span class='ocrx_word' id='word_1_310' title='bbox 711 3761 769 3824; x_wconf 63' lang='lat' dir='ltr'><strong>ito}</strong></span> <span class='ocrx_word' id='word_1_311' title='bbox 787 3754 882 3827; x_wconf 75' lang='grc' dir='ltr'><strong><em>ἄρτιον</em></strong></span> <span class='ocrx_word' id='word_1_312' title='bbox 897 3761 967 3814; x_wconf 88' lang='lat' dir='ltr'><strong>Suid.</strong></span> <span class='ocrx_word' id='word_1_313' title='bbox 989 3761 1112 3828; x_wconf 72' lang='lat' dir='ltr'><strong>(domasse</strong></span> <span class='ocrx_word' id='word_1_314' title='bbox 1129 3762 1203 3822; x_wconf 91' lang='lat' dir='ltr'><strong>illud,</strong></span> <span class='ocrx_word' id='word_1_315' title='bbox 1224 3762 1250 3811; x_wconf 88' lang='lat' dir='ltr'><strong>in</strong></span> <span class='ocrx_word' id='word_1_316' title='bbox 1266 3763 1336 3827; x_wconf 88' lang='lat' dir='ltr'><strong>qnod</strong></span> 
     </span>
     <span class='ocr_line' id='line_1_36' title="bbox 220 3837 1338 3918; baseline 0.004 -22"><span class='ocrx_word' id='word_1_317' title='bbox 220 3843 277 3915; x_wconf 88' lang='lat' dir='ltr'><strong>ltys</strong></span> <span class='ocrx_word' id='word_1_318' title='bbox 294 3853 413 3898; x_wconf 84' lang='lat' dir='ltr'><strong>mutatus</strong></span> <span class='ocrx_word' id='word_1_319' title='bbox 431 3847 483 3912; x_wconf 86' lang='lat' dir='ltr'><strong>est)</strong></span> <span class='ocrx_word' id='word_1_320' title='bbox 502 3845 558 3913; x_wconf 80' lang='grc' dir='ltr'><strong><em>ἴυγξ</em></strong></span> <span class='ocrx_word' id='word_1_321' title='bbox 565 3881 573 3910; x_wconf 89' lang='grc'><strong><em>,</em></strong></span> <span class='ocrx_word' id='word_1_322' title='bbox 592 3837 690 3908; x_wconf 74' lang='grc' dir='ltr'><strong><em>κόκκυξ</em></strong></span> <span class='ocrx_word' id='word_1_323' title='bbox 696 3883 704 3910; x_wconf 91' lang='grc'><strong><em>,</em></strong></span> <span class='ocrx_word' id='word_1_324' title='bbox 723 3846 838 3916; x_wconf 79' lang='grc' dir='ltr'><strong><em>ιτίφιγξ,</em></strong></span> <span class='ocrx_word' id='word_1_325' title='bbox 859 3837 952 3916; x_wconf 61' lang='lat' dir='ltr'><strong>boiry}</strong></span> <span class='ocrx_word' id='word_1_326' title='bbox 974 3849 1029 3898; x_wconf 88' lang='lat' dir='ltr'><strong>sive</strong></span> <span class='ocrx_word' id='word_1_327' title='bbox 1049 3845 1138 3918; x_wconf 78' lang='grc' dir='ltr'><strong><em>φαίιξ,</em></strong></span> <span class='ocrx_word' id='word_1_328' title='bbox 1158 3844 1265 3910; x_wconf 79' lang='grc' dir='ltr'><strong><em>τέττιξ,</em></strong></span> <span class='ocrx_word' id='word_1_329' title='bbox 1286 3849 1338 3900; x_wconf 80' lang='grc' dir='ltr'><strong>τέ-</strong></span> 
     </span>
     <span class='ocr_line' id='line_1_37' title="bbox 220 3929 1332 4002; baseline 0 -18"><span class='ocrx_word' id='word_1_330' title='bbox 220 3929 306 4000; x_wconf 79' lang='grc' dir='ltr'><strong><em>τραξ,</em></strong></span> <span class='ocrx_word' id='word_1_331' title='bbox 327 3932 455 4002; x_wconf 75' lang='grc' dir='ltr'><strong><em>μίμβριιξ</em></strong></span> <span class='ocrx_word' id='word_1_332' title='bbox 477 3947 502 3983; x_wconf 91' lang='lat' dir='ltr'><strong>v.</strong></span> <span class='ocrx_word' id='word_1_333' title='bbox 525 3932 673 3984; x_wconf 88' lang='lat' dir='ltr'><strong>Schneider.</strong></span> <span class='ocrx_word' id='word_1_334' title='bbox 694 3933 728 3984; x_wconf 83' lang='lat' dir='ltr'><strong>ad</strong></span> <span class='ocrx_word' id='word_1_335' title='bbox 743 3933 853 3984; x_wconf 86' lang='lat' dir='ltr'><strong>Aristot.</strong></span> <span class='ocrx_word' id='word_1_336' title='bbox 874 3931 905 3984; x_wconf 90' lang='grc' dir='ltr'><strong>Τ.</strong></span> <span class='ocrx_word' id='word_1_337' title='bbox 926 3933 968 3985; x_wconf 90' lang='lat' dir='ltr'><strong>lll.</strong></span> <span class='ocrx_word' id='word_1_338' title='bbox 990 3932 1048 3986; x_wconf 75' lang='lat'><strong>387.</strong></span> <span class='ocrx_word' id='word_1_339' title='bbox 1075 3940 1102 3984; x_wconf 87' lang='lat' dir='ltr'><strong>et</strong></span> <span class='ocrx_word' id='word_1_340' title='bbox 1123 3933 1155 3984; x_wconf 80' lang='lat' dir='ltr'><strong>nd</strong></span> <span class='ocrx_word' id='word_1_341' title='bbox 1172 3932 1273 3984; x_wconf 82' lang='lat' dir='ltr'><strong>Aelinn.</strong></span> <span class='ocrx_word' id='word_1_342' title='bbox 1294 3931 1332 3984; x_wconf 80' lang='lat' dir='ltr'><strong>X.</strong></span> 
     </span>
     <span class='ocr_line' id='line_1_38' title="bbox 220 4015 1335 4089; baseline 0 -19"><span class='ocrx_word' id='word_1_343' title='bbox 220 4018 264 4070; x_wconf 77' lang='lat' dir='ltr'><strong>ll.</strong></span> <span class='ocrx_word' id='word_1_344' title='bbox 284 4033 393 4086; x_wconf 85' lang='lat' dir='ltr'><strong>quorum</strong></span> <span class='ocrx_word' id='word_1_345' title='bbox 412 4019 541 4070; x_wconf 89' lang='lat' dir='ltr'><strong>nonnullis</strong></span> <span class='ocrx_word' id='word_1_346' title='bbox 560 4020 639 4070; x_wconf 72' lang='lat' dir='ltr'><strong>verbs</strong></span> <span class='ocrx_word' id='word_1_347' title='bbox 656 4019 766 4084; x_wconf 80' lang='lat' dir='ltr'><strong>adjecta·</strong></span> <span class='ocrx_word' id='word_1_348' title='bbox 777 4025 853 4078; x_wconf 78' lang='lat' dir='ltr'><strong>sunt,</strong></span> <span class='ocrx_word' id='word_1_349' title='bbox 871 4017 1024 4089; x_wconf 80' lang='grc' dir='ltr'><strong><em>τιτριίζειτ,</em></strong></span> <span class='ocrx_word' id='word_1_350' title='bbox 1043 4017 1164 4081; x_wconf 79' lang='grc' dir='ltr'><strong><em>τιτίζιια,</em></strong></span> <span class='ocrx_word' id='word_1_351' title='bbox 1181 4015 1335 4088; x_wconf 75' lang='grc' dir='ltr'><strong><em>βαβργίζειν</em></strong></span> 
     </span>
     <span class='ocr_line' id='line_1_39' title="bbox 221 4103 1369 4173; baseline 0.003 -17"><span class='ocrx_word' id='word_1_352' title='bbox 221 4111 272 4156; x_wconf 87' lang='lat' dir='ltr'><strong>etc.</strong></span> <span class='ocrx_word' id='word_1_353' title='bbox 297 4103 465 4156; x_wconf 73' lang='lat' dir='ltr'><strong>Praetermisi</strong></span> <span class='ocrx_word' id='word_1_354' title='bbox 481 4112 568 4156; x_wconf 81' lang='lat' dir='ltr'><strong>antem</strong></span> <span class='ocrx_word' id='word_1_355' title='bbox 584 4113 729 4173; x_wconf 81' lang='lat' dir='ltr'><strong>propteroa,</strong></span> <span class='ocrx_word' id='word_1_356' title='bbox 746 4105 818 4172; x_wconf 81' lang='lat' dir='ltr'><strong>qnia,</strong></span> <span class='ocrx_word' id='word_1_357' title='bbox 838 4103 889 4155; x_wconf 85' lang='lat' dir='ltr'><strong>nivi</strong></span> <span class='ocrx_word' id='word_1_358' title='bbox 904 4104 931 4156; x_wconf 87' lang='lat' dir='ltr'><strong>in</strong></span> <span class='ocrx_word' id='word_1_359' title='bbox 947 4106 1074 4168; x_wconf 78' lang='lat' dir='ltr'><strong>omnibns,</strong></span> <span class='ocrx_word' id='word_1_360' title='bbox 1093 4111 1164 4158; x_wconf 83' lang='lat' dir='ltr'><strong>certe</strong></span> <span class='ocrx_word' id='word_1_361' title='bbox 1179 4106 1206 4158; x_wconf 87' lang='lat' dir='ltr'><strong>in</strong></span> <span class='ocrx_word' id='word_1_362' title='bbox 1222 4119 1333 4173; x_wconf 64' lang='lat' dir='ltr'><strong>upupam</strong></span> <span class='ocrx_word' id='word_1_363' title='bbox 1364 4149 1369 4159; x_wconf 90' lang='lat'>.</span> 
     </span>
    </p>

    <p class='ocr_par' dir='ltr' id='par_1_7' title="bbox 139 4176 1041 4254">
     <span class='ocr_line' id='line_1_40' title="bbox 139 4176 1041 4254; baseline 0.001 -12"><span class='ocrx_word' id='word_1_364' title='bbox 139 4249 141 4254; x_wconf 51' lang='grc'><strong><em>,</em></strong></span> <span class='ocrx_word' id='word_1_365' title='bbox 222 4205 303 4244; x_wconf 76' lang='lat' dir='ltr'><strong>ranae</strong></span> <span class='ocrx_word' id='word_1_366' title='bbox 320 4191 450 4244; x_wconf 76' lang='lat' dir='ltr'><strong>clanculi</strong></span> <span class='ocrx_word' id='word_1_367' title='bbox 468 4191 568 4243; x_wconf 78' lang='lat' dir='ltr'><strong>marine</strong></span> <span class='ocrx_word' id='word_1_368' title='bbox 586 4205 698 4244; x_wconf 77' lang='lat' dir='ltr'><strong>consona</strong></span> <span class='ocrx_word' id='word_1_369' title='bbox 714 4191 805 4246; x_wconf 80' lang='lat' dir='ltr'><strong>nativa</strong></span> <span class='ocrx_word' id='word_1_370' title='bbox 821 4176 908 4244; x_wconf 77' lang='lat' dir='ltr'><strong>inesse</strong></span> <span class='ocrx_word' id='word_1_371' title='bbox 924 4192 1041 4246; x_wconf 83' lang='lat' dir='ltr'><strong>videtur.</strong></span> 
     </span>
    </p>
   </div>
   <div class='ocr_carea' id='block_1_6' title="bbox 0 0 1474 4894">
    <p class='ocr_par' dir='ltr' id='par_1_8' title="bbox 0 0 1474 4894">
     <span class='ocr_line' id='line_1_41' title="bbox 0 0 1474 4894; baseline 0 0"><span class='ocrx_word' id='word_1_372' title='bbox 0 0 1474 4894; x_wconf 95' lang='lat' dir='ltr'><strong> </strong></span> 
     </span>
    </p>
   </div>
  </div>
 </body>
</html>
