2944 4888
300 1086 687 1178 DISSERTATIO
721 1084 1006 1176 SECUNDA.

147 1277 198 1342 nn
219 1277 436 1344 nounuuus
459 1275 639 1344 omnum
661 1273 832 1342 eunounn
853 1271 1163 1344 nonosrnnnms..

567 1493 678 1548 CAP.
715 1492 741 1545 1.

107 1597 142 1676 ln
172 1611 394 1678 Grammaticos
426 1608 699 1696 monosyllabomm
732 1618 917 1674 somtatores
950 1620 1037 1674 extat
1067 1610 1211 1679 Herodiei
1342 1674 1345 1682 .

109 1715 281 1798 epigramma
303 1714 405 1778 Anall.
428 1715 465 1778 T.
489 1712 527 1778 lt.
551 1734 580 1797 p.
605 1709 660 1778 65.
1149 1713 1163 1732 ’

161 1809 316 1904 Φεάγετ’,
334 1812 591 1905 Ἀριστάρχειοι,
618 1808 676 1881 ἐπ’
697 1809 797 1902 septo
816 1813 911 1884 oeteo
930 1812 1110 1904 θαλάσσης

222 1911 392 1999 Ἑλλάδα,
420 1917 481 2004 τῆς
501 1917 630 2002 ξουθῆς
651 1911 829 2004 δειλότεροι
848 1914 1010 2005 κεμάδος,
1034 1915 1037 1922 ’
1166 1945 1168 1950 ·

160 2015 444 2108 γωνιοβόμβυκες
449 2069 461 2100 ,
487 2015 742 2108 μονοσύλλαβοι
747 2069 760 2100 ,
788 2018 857 2088 οἷσι
876 2020 1008 2108 μέμηλε

224 2121 265 2189 τὰ
292 2123 386 2209 Epir
406 2121 463 2190 eet
483 2119 522 2188 τὸ
546 2120 650 2209 Eppia
670 2122 728 2190 ιιοά
748 2119 787 2188 τὸ
808 2122 885 2190 Mne
905 2119 966 2210 ἠδὲ
986 2121 1026 2191 τά
1047 2122 1134 2194 Nu.

110 2225 176 2304 quod
196 2246 236 2289 ne
258 2225 309 2288 illi
331 2225 460 2308 quidem,
482 2225 627 2289 adversus
649 2245 723 2309 quos
742 2225 886 2310 seriptum
908 2237 966 2306 est,
990 2228 1120 2292 iaeetum
1142 2247 1210 2294 esse

110 2328 296 2409 negaverint.
332 2325 432 2391 Nihilo
455 2326 554 2392 seeius
576 2348 637 2390 non
658 2327 767 2404 solum,
791 2327 841 2412 qui
862 2328 935 2392 istas
958 2349 1080 2394 oasoum
1101 2351 1211 2414 prono·

110 2427 253 2496 trinalium
276 2430 408 2505 formas,
434 2429 487 2492 sed
508 2428 602 2492 multo
623 2429 737 2514 magis,
767 2428 817 2513 qui
839 2429 960 2492 nomina
981 2441 1013 2494 et
1032 2431 1125 2495 verba
1146 2453 1210 2496 mo-

111 2530 255 2614 nosyllaba
279 2531 425 2616 speculati
447 2541 536 2610 sunt,
569 2531 686 2594 laudem
710 2531 894 2616 gratiamque
922 2551 1074 2594 meruere.
1118 2531 1212 2598 Velut

110 2628 238 2717 Trypho,
261 2642 301 2696 ut
323 2632 427 2698 Suidas
448 2634 561 2709 refert,
590 2631 750 2719 περὶτῆς
772 2636 809 2699 ἕο
829 2625 1103 2721 μονοσολλάβοις
1124 2627 1211 2700 doo-

111 2733 213 2822 λογίας
234 2735 373 2820 scripsit,
396 2734 580 2800 Philoxenus
599 2745 699 2798 antem
717 2735 795 2822 περ1
813 2730 1086 2823 μονοσολλάβοιο
1105 2734 1206 2803 Sehol.

111 2833 179 2900 Ven.
198 2841 247 2906 K.
273 2835 349 2902 290.
373 2837 475 2923 Etym.
494 2837 535 2901 Μ.
559 2858 589 2921 p.
605 2831 685 2914 442,
708 2835 761 2902 39.
786 2847 846 2902 ete.
870 2836 920 2900 vel
935 2838 1020 2926 -περὶ
1038 2837 1212 2925 poeooot-

112 2932 215 3026 λάβοιο
237 2931 406 3028 ῥημάτων
427 2936 529 3004 schot.
543 2939 620 3004 Veu.
637 2941 681 3007 B.
700 2937 775 3006 269.
800 2936 901 3003 Sohol.
917 2940 1059 3006 Ambros.
1072 2940 1116 3015 Ξ.
1133 2937 1209 3006 485.
1342 2996 1345 3002 .

112 3039 203 3127 Etym.
224 3043 307 3108 God.
329 3039 412 3118 415,
436 3039 488 3104 18.
514 3041 618 3104 Orion.
642 3061 671 3126 p.
697 3039 756 3121 59,
779 3040 835 3106 22.
859 3053 918 3106 eto.
943 3064 1001 3126 quo
1022 3054 1150 3128 utroque
1172 3044 1210 3108 ti·

113 3143 168 3206 tulo
193 3166 289 3208 onum
321 3144 504 3228 eundemque
535 3139 644 3208 librum
673 3143 825 3228 designari
853 3143 905 3209 vel
933 3143 996 3218 illa¹
1011 3145 1146 3212 ostendit
1174 3145 1211 3210 de

114 3247 195 3310 verino
218 3246 293 3338 φρῶ
317 3247 469 3311 adnotatio
495 3247 664 3312 idemtidem
684 3245 831 3329 repetitae,
863 3245 912 3310 oui
933 3247 1020 3314 modo
1045 3247 1101 3312 hoo
1122 3247 1210 3312 modo

115 3344 177 3410 illud
197 3370 309 3414 nomen
335 3348 532 3414 subscribitur
557 3371 589 3414 v.
615 3346 715 3412 Sohol.
738 3347 813 3414 Eur.
838 3344 974 3413 Phoenn.
997 3347 1073 3416 264.
1105 3350 1211 3436 Etym.
1319 3413 1327 3430 ,

115 3445 150 3510 Μ.
171 3447 251 3528 691,
275 3449 330 3514 37.
375 3451 415 3514 tte
436 3471 477 3514 ex
498 3451 555 3516 hoo
577 3469 684 3535 opere,
716 3449 792 3532 quod
813 3448 942 3514 fortasse
969 3454 1039 3536 pars
1065 3450 1124 3514 tuit
1149 3450 1213 3518 voti

116 3550 294 3635 (inperatori
312 3553 348 3616 ab
361 3553 462 3636 Etym.
478 3553 520 3622 Μ.
539 3551 657 3637 saepius
673 3551 830 3628 nominati,
850 3563 949 3616 sumta
963 3553 1116 3630 videntur,
1136 3573 1211 3637 quae
1306 3603 1308 3608 .

118 3649 300 3720 Grammatioi
316 3654 413 3724 nostri
430 3655 466 3718 de
483 3654 540 3718 hoe
557 3675 670 3738 genere
687 3653 899 3718 vocabulorum
914 3654 1106 3718 multifariam
1124 3672 1212 3740 prae-

118 3751 237 3836 ripiunt,
267 3777 357 3841 saepe
378 3756 476 3828 addito
497 3756 630 3820 auotoris
652 3754 773 3818 nomine
797 3777 829 3819 v.
852 3756 990 3822 Eustath.
1014 3779 1046 3842 p.
1072 3756 1152 3834 154,
1177 3756 1209 3820 1.

119 3851 206 3920 Sohol.
222 3839 303 3923 Ven.
322 3857 369 3926 A.
393 3857 468 3922 375.
492 3856 564 3922 alihi
585 3857 714 3932 omisso,
736 3867 771 3920 ut
792 3857 828 3920 de
850 3870 963 3942 septem
986 3858 1212 3944 significationi·

117 3953 163 4019 hus
181 3961 264 4023 verbi
286 3967 329 4026 ἕω
353 3961 419 4025 sive
442 3964 484 4026 ἔω
509 3959 608 4024 Sohol.
627 3959 662 4022 Il.
683 3960 726 4026 Β.
748 3957 823 4024 432.
848 3960 884 4023 de
906 3961 1029 4025 totidem
1050 3961 1211 4024 verborum

117 4055 164 4122 dui
189 4071 219 4124 et
245 4062 290 4149 poi
315 4063 417 4150 Etym.
440 4062 483 4126 M.
507 4085 537 4148 p.
560 4060 640 4138 461,
665 4059 697 4126 5.
727 4071 758 4126 et
779 4059 861 4138 7051,
883 4061 938 4128 29.
967 4064 1003 4127 de
1026 4060 1212 4146 quadruplici

120 4157 274 4230 differentia
294 4167 454 4234 verborum
475 4163 542 4246 eoi,
562 4161 610 4252 γά
633 4175 665 4230 et
684 4162 760 4255 repsi
781 4186 813 4230 v·
839 4163 923 4232 Suid.
946 4185 973 4230 s.
998 4163 1083 4244 No,
1105 4163 1214 4248 Elim·-
