2926 4886
211 113 226 166 1

163 343 279 410 xtm
380 307 381 310 ‘
568 305 890 462 nissnnvpvio
921 341 966 405 11.
1085 423 1086 430 .

213 543 292 586 mam
313 518 456 604 simplicis
478 520 644 596 retineret,
675 521 712 584 ad
733 520 816 584 illam
837 521 889 584 vel
910 541 1059 606 apocopae
1083 519 1132 585 vel
1154 521 1328 606 metaplasis

213 616 368 690 obtentum
384 623 498 686 redacti
514 634 598 686 sunt.
645 623 710 704 Quo
732 645 788 686 uos
810 623 912 706 ntique
935 645 995 686 non
1017 623 1143 700 utimur,
1163 625 1216 687 sed
1229 627 1340 710 potius⁸

213 719 372 817 διχόμηυι
396 736 428 788 et
458 727 536 808 quod
567 725 626 789 alio
656 726 723 789 loeo
752 725 895 810 scriptum
925 737 973 788 est
993 719 1139 812 vcdpopvc
1157 727 1329 790 nominibus
1399 771 1402 777 -

213 829 370 894 defectivis
392 827 635 902 adnumeremus,
659 848 785 912 quornm
807 828 833 891 si
854 827 950 914 prima
970 828 1003 890 in
1025 849 1082 891 usn
1105 839 1187 891 esset
1208 829 1330 916 positio,

211 931 390 996 heteroclita
412 929 585 992 dicerentur
611 941 646 994 ut
673 927 851 1018 πολυῤῥηυ
879 941 911 994 et
930 923 1167 1018 πολύῥρηυος,
1189 921 1328 1017 Γόρσυυ

211 1045 245 1099 et
267 1024 437 1120 Γόρσυυυ,
458 1050 539 1096 nunc
560 1042 682 1108 antem,
715 1032 785 1116 qnia
805 1053 873 1095 eam
894 1031 1052 1096 Techniois
1074 1033 1208 1116 ignotam
1231 1033 1328 1096 fnisse

211 1145 345 1220 apparet,
369 1131 717 1219 acephala'appellamus
747 1131 868 1218 generis
890 1135 1023 1218 positivi.
1069 1133 1145 1198 Nam
1173 1133 1245 1219 quin
1266 1135 1329 1198 dici

211 1239 344 1324 potuerit
366 1233 509 1328 dcpdpfpr
531 1247 566 1300 ut
586 1228 763 1326 πολυρῥηυ
775 1284 786 1314 ,
810 1237 962 1300 dubitandi
984 1229 1074 1301 cansa
1096 1237 1197 1313 nulla,
1230 1257 1330 1320 eoque

211 1334 369 1430 διχόμηυι
391 1341 491 1404 differt
512 1331 722 1421 aMo'ponog
745 1349 776 1402 et
797 1331 1040 1426 ἐρυσάρματες,
1065 1357 1191 1424 qnorum
1210 1339 1329 1424 primns

213 1465 300 1508 casus
321 1465 340 1507 a
360 1443 467 1528 regula
488 1441 628 1526 loquendi
650 1441 803 1505 abhorret.

650 1649 653 1669 ι
723 1632 752 1714 a.
777 1631 808 1696 a

296 1751 342 1816 Ab
370 1751 416 1816 his
439 1749 575 1814 omnibus
608 1753 775 1836 sejunctam
808 1750 950 1816 hahemus
980 1771 1084 1816 veram
1112 1763 1144 1815 et
1176 1752 1331 1839 propriam

184 1851 411 1938 (metaplasin,
436 1875 512 1938 quae
542 1874 639 1938 neque
662 1853 842 1918 nominativi
869 1853 1040 1939 imaginarii
1067 1855 1197 1939 speciem
1226 1855 1331 1918 animo
1450 1911 1451 1932 ,

212 1957 425 2041 anticipatam,
457 1977 510 2020 ore
539 1955 740 2032 ineffabilem,
771 1956 908 2040 sequitur
938 1947 1119 2036 utololdo,
1150 1947 1328 2039 Μόψσπα,

211 2079 310 2142 neque
333 2059 542 2123 heteroclisiao
565 2059 765 2143 suspicionem
778 2059 922 2143 relinquit
936 2071 970 2122 ut
984 2057 1134 2139 Andeira,
1158 2055 1330 2149 διχόμυυι,

168 2203 169 2207 =
212 2163 265 2226 scd
289 2163 445 2246 perspicue
467 2163 504 2224 ab
526 2161 717 2225 aberratione
740 2163 863 2246 quadam
885 2161 976 2224 unius
998 2161 1208 2250 declinationis
1230 2165 1267 2227 ad
1282 2165 1329 2227 al-

210 2276 307 2344 teram
328 2263 540 2348 proficiscitur.
586 2263 681 2348 Hujus
703 2263 875 2348 principalis
898 2285 988 2328 causa
1011 2274 1058 2327 est
1080 2265 1253 2330 terminatio
1269 2287 1326 2330 no·

210 2366 348 2432 minativi
369 2365 531 2451 singularis
553 2365 672 2449 utrique
694 2367 886 2430 declinationi
907 2366 1032 2442 similis,
1059 2387 1116 2451 qua
1138 2367 1258 2432 delusus
1272 2369 1326 2432 Al-

211 2489 301 2532 cacns
322 2489 340 2532 a
362 2480 447 2533 recto
469 2470 561 2542 Αἴας
582 2468 748 2553 genitivum
776 2469 864 2532 duxit
884 2469 948 2535 cod
969 2471 1045 2536 Ara
1067 2479 1097 2534 et
1119 2471 1324 2536 accusativum

209 2570 271 2639 τὸυ
299 2573 397 2640 Αἴσυ
426 2579 458 2636 et
486 2593 505 2636 a
534 2571 624 2636 simili
660 2571 806 2656 principio
826 2571 1007 2655 vocativum
1038 2565 1063 2638 oi
1091 2568 1322 2661 Εὕρυδσὲμαυ,

210 2697 299 2761 quam
320 2676 448 2740 formam
475 2673 615 2738 nonnulli
636 2671 789 2738 homerico
812 2669 837 2740 ol
858 2669 1080 2762 Πουλυδάμα
1102 2677 1324 2742 substituerunt

209 2779 246 2843 ll.
273 2774 344 2842 Xll.
374 2776 450 2843 231.
480 2787 511 2840 et
538 2777 684 2845 Pindarus
713 2778 787 2840 adeo
816 2780 852 2842 ab
879 2771 1193 2868 υἷκυμυυσσχυῖρμης
1232 2780 1324 2844 linxit

209 2880 422 2966 appellativum
447 2872 472 2944 ol
493 2873 813 2968 σῖυσμαυτοχυῖρμυυ
837 2878 1058 2950 Aldu-nord
1088 2881 1324 2970 coreudpopalv

208 2985 271 3051 σου
293 2983 391 3052 Alco
421 2979 444 3068 ἢ
474 2978 530 3049 dmi
557 2978 622 3068 σήυ
644 2977 851 3077 &ecliptico
879 2983 949 3050 σῶυ
977 2984 1183 3072 pauperator
1204 2987 1320 3050 Anecd.

207 3111 238 3174 p.
264 3084 360 3150 1183.
394 3085 470 3171 quod
498 3086 669 3170 exemplum
697 3085 827 3149 afferens
856 3087 1044 3152 llerodianus
1076 3111 1124 3172 ap.
1148 3089 1252 3175 Etym.
1275 3089 1319 3152 M.
1370 3135 1373 3143 -

207 3215 238 3278 p.
262 3189 316 3268 44,
339 3187 394 3253 45.
418 3183 554 3276 πλοίυηυ
582 3187 720 3262 κλίσεως
740 3199 850 3266 vocat,
874 3211 929 3253 nos
951 3192 1117 3254 metabasin
1138 3192 1322 3275 nuncupabi-

207 3315 287 3370 mus,
311 3293 380 3378 quia
401 3291 557 3376 superiora
578 3291 707 3377 propriis
730 3291 873 3376 distingui
898 3297 1023 3377 possunt
1045 3293 1225 3368 nominibus,
1250 3293 1320 3356 hnic

208 3396 325 3461 nullum
347 3375 477 3478 suppetit
497 3393 544 3457 rei
567 3405 814 3461 consentaneum.
860 3395 925 3459 Huc
948 3396 1099 3480 pertinent
1121 3396 1211 3474 etiam
1233 3394 1319 3478 geni-

208 3499 290 3564 tivus
304 3497 367 3564 aori
383 3491 501 3576 ’Ἁσλυ,
524 3497 602 3563 unde
619 3497 864 3562 Hemsterhusius
885 3499 922 3561 ad
937 3498 1008 3562 Hes.
1024 3497 1097 3582 Opp.
1114 3495 1188 3561 381.
1213 3494 1320 3564 σῖτλυ-

207 3597 309 3689 γευής
330 3601 497 3685 profectum
518 3610 614 3684 putat,
638 3611 669 3664 et
687 3601 876 3666 accusativus
895 3597 1051 3688 λυκάβυυ
1070 3600 1316 3686 Appendllpigr.

207 3703 246 3768 N.
256 3702 331 3770 323.
355 3703 513 3788 Adjoctiva
535 3712 636 3766 antem
658 3723 676 3766 a
697 3697 786 3769 σλάω
811 3703 973 3788 composita
996 3723 1114 3788 semper
1135 3703 1170 3766 ad
1193 3702 1319 3786 primam

207 3806 374 3870 declinasse
400 3805 544 3870 videntur
567 3803 630 3870 τοῦ
657 3791 811 3872 woldrici
840 3805 977 3884 Eustath.
1009 3825 1041 3888 p.
1073 3803 1147 3882 700,
1171 3803 1224 3872 32.
1254 3803 1319 3871 σόυ

206 3899 381 3976 occidutur
404 3908 504 3973 Schol.
528 3908 603 3972 Eur.
628 3908 714 3994 Hipp.
739 3908 813 3974 742.
838 3920 869 3972 et
894 3908 961 3972 aliis
984 3908 1058 3972 locis
1081 3929 1113 3972 v.
1137 3909 1185 3971 ad.
1201 3906 1316 3992 Phryn.

206 4032 237 4096 p.
261 4007 395 4094 610.20)
425 4031 522 4095 neque
552 4011 641 4075 aliter
668 4021 767 4078 statuo
798 4012 835 4076 de
862 4001 1020 4097 (latomi)
1050 4011 1127 4096 qnod
1148 4009 1317 4097 Hesychius

278 4245 324 4312 2⁰)
342 4246 370 4300 ln
387 4245 493 4301 Maximi
512 4264 536 4301 v.
558 4249 617 4303 557.
638 4243 724 4322 ἦγυίρ
746 4240 920 4320 ἀναπλήσειεν
946 4245 1081 4305 αἐικὲλισυ
1102 4246 1204 4319 βρσσόσ
1225 4241 1315 4318 iilyos,
