2914 4882
185 319 238 384 DE
255 314 393 384 numu.
407 311 563 380 nntncn.
581 315 638 382 ΕΤ.
646 315 774 381 SUBST.
793 315 885 384 GEN.
903 317 1038 385 annun.
1061 321 1090 406 S.
1106 321 1139 388 6.
1162 321 1234 392 565

126 494 239 584 φιλία,
263 517 325 560 non
346 495 409 559 sint
429 494 600 580 adjectiva?
641 493 720 558 Num
743 494 867 562 Graecis
888 497 995 583 plurali
1020 501 1141 586 generis
1162 521 1236 568 neu·

124 599 207 664 trins
229 599 274 664 uti
296 597 399 660 licuit:
423 595 506 670 τέως
525 596 594 683 μέν
611 619 672 683 σφι
686 590 730 682 ἦν
752 591 888 685 ἄρθμια
910 605 944 674 ἐς
964 597 1141 688 οίλληλους,
1163 616 1237 679 τοῖς

125 697 335 788 Κορινθίοις
362 697 444 786 φίλα
482 693 527 784 ἦν
558 697 642 784 πρὸς
669 697 750 773 τούς
770 701 1004 788 Κερκυραίους
1026 705 1157 770 Herodo.
1181 703 1232 770 lll.

125 803 185 868 49.
209 803 354 868 feminino
376 822 451 865 vero
480 801 642 892 singularis
665 801 782 866 numeri
806 806 989 887 minns²⁹)‘l
1030 807 1178 872 Nimirum
1192 807 1235 873 di-

124 915 178 970 cet
198 905 306 988 aliquis
328 925 424 988 genus
447 915 586 967 nentrum
608 903 787 970 adminiculo
810 927 899 990 egere
923 907 1025 985 nullo,
1060 909 1236 974 femininum

123 1028 202 1072 vero
225 1007 290 1070 sine
313 1005 521 1084 substantivo,
545 1005 593 1069 cni
622 1006 753 1070 latenter
774 1005 987 1086 adhaerescat,
1017 1009 1145 1096 intelligi
1174 1033 1236 1077 non

121 1130 227 1195 posse,
250 1107 336 1172 velut
357 1102 416 1174 εἶπ’
438 1109 522 1193 ἴσης,
544 1105 613 1174 οἶπὸ
632 1103 783 1194 πρώτης,
815 1103 884 1175 dno*
905 1100 1015 1194 pecaic'c,¹
1032 1116 1068 1177 ἐκ
1086 1111 1233 1202 ταχείας,

121 1217 161 1278 ἐκ
182 1211 350 1288 παλαιᾶς,
376 1213 409 1288 ἐξ
433 1207 585 1296 ὑστέρας,
610 1207 664 1276 dccl
689 1211 798 1296 κενῆς,
821 1207 873 1277 ἐπ’
895 1213 980 1298 ἴσης,
1002 1213 1088 1281 κατοί
1110 1211 1234 1300 μόνας,

121 1313 222 1404 ξυνῇ,
241 1313 338 1401 κενῇ,
361 1309 426 1398 την
442 1305 590 1398 πρώτην,
612 1309 796 1398 τηνοίλλως,
818 1307 1032 1400 α’λληνιίλλας
1046 1327 1103 1381 etc.
1126 1319 1236 1384 relerri

121 1418 161 1482 ad
173 1415 391 1480 substantivum
414 1415 532 1499 aliquod
546 1415 726 1500 cogitatione
743 1415 1002 1500 comprehensum,
1027 1418 1125 1503 qualia
1141 1419 1235 1485 multa
1280 1437 1285 1464 ¹

121 1519 327 1584 sarcinatores
355 1515 501 1600 ellipsium
530 1516 716 1582 comminisci
745 1515 856 1582 solent.
903 1519 961 1584 Sed
982 1521 1137 1605 permultis
1159 1523 1235 1588 locis

120 1619 230 1684 horum
253 1619 527 1703 supplementorum
549 1619 665 1682 nullum
689 1619 843 1683 convenit.
888 1620 962 1702 Quis
985 1623 1082 1702 enirn,
1105 1623 1132 1687 si
1153 1622 1236 1710 lege·

121 1722 167 1786 rit
196 1715 255 1789 oisc’
286 1715 425 1794 εὐθείας
456 1721 657 1808 φιλοσοφεῖν
680 1721 759 1784 Plut.
786 1721 888 1807 Symp.
912 1721 936 1786 l.
960 1723 999 1802 4,
1030 1723 1062 1790 8.
1083 1720 1148 1812 τήν
1178 1720 1237 1794 etl-

120 1831 231 1892 θείαν
251 1837 425 1892 συνειπεῖν
449 1847 518 1889 τινι
533 1823 570 1887 V.
600 1825 663 1888 Cio.
687 1821 752 1887 Vll.
777 1827 809 1899 ἐξ
832 1821 940 1912 ὀρθῆς
964 1822 1160 1914 ἅνακρίηειη
1173 1828 1233 1892 1²0.

125 1927 192 2013 tyn.
216 1926 287 1991 XV.
311 1925 365 1992 27.
397 1922 570 2012 τηνοίλλιος
597 1922 790 2015 ιίθολεσχεῑν
817 1949 849 1991 v.
875 1927 1010 2014 Bergler.
1040 1929 1076 1994 ad
1100 1929 1249 2016 Aloiphr„

126 2029 152 2092 1.
178 2029 235 2114 Ep.
261 2027 313 2093 19.
344 2027 390 2092 his
418 2027 511 2112 igitur
538 2017 736 2094 eisimiliuus
770 2029 844 2092 locis
877 2031 942 2114 quis
970 2042 1023 2096 aut
1050 2045 1159 2119 pacton
1184 2043 1237 2098 ant

123 2126 211 2220 τείχη
233 2141 286 2194 aut
306 2129 425 2215 πρᾶξις
448 2141 501 2193 aut
520 2121 595 2203 ὁδός
617 2141 715 2214 aptum
738 2151 806 2194 esse
829 2133 953 2196 credat?
998 2133 1097 2214 Quare
1121 2135 1164 2199 sio
1185 2155 1238 2220 po·

120 2234 186 2298 tius
210 2233 441 2296 existimandum
464 2231 596 2307 videtur,
624 2231 755 2294 Graecos
778 2253 796 2295 a
817 2233 989 2299 notionibus
1011 2235 1237 2320 simplicissimis

119 2356 300 2421 progressos
323 2335 511 2418 maximeque
534 2333 642 2409 obviis,
667 2353 742 2416 qnae
764 2345 836 2398 sunt
850 2336 939 2412 situs,
963 2337 1030 2400 viae
1051 2347 1082 2401 et
1096 2338 1237 2402 directio·

122 2439 188 2513 nis,
223 2437 293 2500 hino
321 2437 544 2500 similitudinem
572 2436 744 2499 traduxisse
782 2436 819 2499 ad
852 2437 1002 2501 actionum
1039 2438 1236 2504 humanarum
1293 2516 1295 2521 .

125 2540 231 2606 varias
252 2534 434 2605 directiones
457 2549 488 2602 et
509 2539 623 2601 modos.
648 2538 749 2621 .Ergo
779 2539 855 2622 qnod
886 2552 1062 2605 consuetum
1090 2551 1172 2604 esset
1193 2541 1236 2604 di·

125 2663 198 2708 cere
220 2639 285 2726 την
305 2637 448 2708 εὐθεῖαν
472 2635 695 2725 πορεύεσθαι,
718 2637 783 2726 τήν
802 2641 913 2728 ,ιιίσην
936 2639 1077 2720 ὁδεύειν,
1099 2639 1238 2728 μακριίν

121 2744 350 2832 πεμφθῆναι,
374 2746 407 2818 ἐξ
431 2741 589 2817 ἐναντίας
618 2742 793 2829 προςιίναι
815 2744 894 2809 Plut.
919 2745 957 2812 V.
981 2745 1065 2810 ldom.
1089 2743 1233 2810 XXVlll.

122 2853 158 2926 ἐξ
185 2844 412 2919 ἐναντίας-ἐκ
437 2843 585 2934 πλαγίου
613 2840 869 2933 καθεστήκεσαν
896 2847 990 2912 Thuc.
1015 2847 1066 2912 lV.
1091 2846 1145 2912 33.
1177 2843 1235 2915 ed·

122 2947 207 3035 θείᾳ
228 2948 394 3036 φέρεσθαι
417 2947 498 3014 Stob.
521 2947 587 3012 Ecl.
607 2949 630 3012 1.
658 2948 732 3014 696.
758 2951 868 3014 omisso
890 2949 1049 3028 vocabulo,
1073 2952 1158 3036 cujus
1181 2973 1236 3016 no-

123 3051 169 3117 tio
191 3049 225 3114 in
246 3052 339 3114 verbo
365 3052 556 3126 continetur,
580 3051 650 3115 hino
672 3063 887 3136 consequntum
909 3073 988 3130 esse,
1019 3064 1054 3117 ut
1082 3053 1160 3118 idem
1183 3075 1237 3118 no·

126 3173 200 3219 men
222 3153 312 3232 tacite
335 3153 639 3238 comprehenderetur
661 3175 727 3218 cnm
751 3155 873 3230 verbis,
898 3176 972 3239 qnae
991 3177 1052 3219 nou
1075 3155 1238 3240 simplicem

127 3255 279 3320 actionem
295 3255 347 3318 scd
361 3255 510 3319 actionem
532 3254 564 3317 in
577 3267 660 3319 motu
676 3256 802 3340 positam
825 3257 1008 3341 significant,
1031 3261 1078 3330 είς
1094 3251 1238 3324 εὐθεῖαν

125 3356 347 3442 καταστῆσαι,
367 3361 399 3432 ἐξ
423 3355 580 3430 ἐναντίας
603 3350 781 3446 μα’χεσθαι
802 3359 922 3423 Aelian.
948 3359 984 3422 H.
1012 3360 1094 3421 Anu.
1119 3357 1157 3422 V.
1183 3356 1235 3422 19.

125 3456 193 3548 την
212 3456 356 3534 εὐθεῖαν
380 3454 596 3526 ἀποκτείνειν
623 3461 697 3524 Eur.
721 3461 800 3524 Med.
825 3457 899 3524 384.
931 3455 1044 3547 ὀρθήν
1074 3451 1238 3548 ἐντυγχιί-
1274 3457 1277 3482 “
1361 3457 1366 3468 “

126 3585 182 3632 νει
208 3556 288 3629 οίντλ
315 3561 378 3628 τοῦ
411 3557 518 3635 εὐθύς
548 3557 729 3650 Ὑπερίδης
753 3563 839 3626 Phot.
874 3573 906 3626 et
936 3572 970 3625 ut
1001 3571 1152 3646 postremo
1182 3560 1238 3626 lunc

128 3665 304 3750 exemplum
332 3667 551 3729 transferretur
581 3665 701 3744 adeas
730 3665 884 3739 actiones,
918 3663 993 3748 qnae
1022 3662 1144 3727 omnino
1178 3683 1239 3730 non

128 3759 266 3862 corporis
288 3767 341 3832 sed
361 3767 454 3834 animi
475 3777 558 3834 motu
587 3777 618 3832 et
639 3766 808 3834 intentione
831 3765 1050 3844 conficiuntur,
1080 3767 1113 3842 ἐξ
1141 3768 1238 3834 ἐναν-

379 3929 424 3975 (r

199 4024 245 4091 79)
264 4025 292 4077 λιι
306 3978 423 4093 llippdcr.
441 4026 522 4080 llorln.
536 4023 599 4080 llul¹
614 4025 645 4078 ll.
661 4027 721 4080 485.
736 4025 767 4078 Τ.
778 4024 798 4078 Ι.
813 4021 843 4076 ἕν
857 4019 937 4095 τῇσιν
948 4017 1050 4094 ipseipse
1061 4020 1143 4080 πίλιιι
1156 4025 1237 4093 γίγνε-

126 4131 188 4172 ται,
207 4113 230 4163 si
244 4113 286 4164 vel
298 4128 366 4164 unus
380 4113 494 4166 melioris
507 4121 583 4168 notae
599 4114 666 4166 liber
682 4109 761 4182 πείίη
778 4111 897 4173 offerret,
917 4125 989 4162 nemo
1010 4111 1119 4178 amplius
1136 4104 1172 4163 'de
1193 4111 1239 4161 lmc

129 4197 266 4250 dubitaret
277 4198 452 4250 subsuntivo.
1188 4211 1192 4222 ’
