<?xml version="1.0" encoding="UTF-8"?>
<!DOCTYPE html PUBLIC "-//W3C//DTD XHTML 1.0 Transitional//EN"
    "http://www.w3.org/TR/xhtml1/DTD/xhtml1-transitional.dtd">
<html xmlns="http://www.w3.org/1999/xhtml" xml:lang="en" lang="en">
 <head>
  <title>
</title>
<meta http-equiv="Content-Type" content="text/html;charset=utf-8" />
  <meta name='ocr-system' content='tesseract 3.04.00' />
  <meta name='ocr-capabilities' content='ocr_page ocr_carea ocr_par ocr_line ocrx_word'/>
</head>
<body>
  <div class='ocr_page' id='page_1' title='image "./paralipomenagra00dindgoog_0182.png"; bbox 0 0 2926 4886; ppageno 0'>
   <div class='ocr_carea' id='block_1_1' title="bbox 282 286 1216 418">
    <p class='ocr_par' dir='ltr' id='par_1_1' title="bbox 282 286 1216 418">
     <span class='ocr_line' id='line_1_1' title="bbox 282 286 1216 418; baseline 0.007 -20"><span class='ocrx_word' id='word_1_1' title='bbox 282 331 341 398; x_wconf 83' lang='lat' dir='ltr'><strong>nn</strong></span> <span class='ocrx_word' id='word_1_2' title='bbox 367 286 530 399; x_wconf 83' lang='lat' dir='ltr'><strong>nourr.</strong></span> <span class='ocrx_word' id='word_1_3' title='bbox 561 325 733 398; x_wconf 85' lang='lat' dir='ltr'><strong>nonos.</strong></span> <span class='ocrx_word' id='word_1_4' title='bbox 765 327 801 396; x_wconf 89' lang='lat' dir='ltr'><strong>c.</strong></span> <span class='ocrx_word' id='word_1_5' title='bbox 823 327 888 398; x_wconf 85' lang='grc' dir='ltr'><strong>ιιι.</strong></span> <span class='ocrx_word' id='word_1_6' title='bbox 919 333 948 418; x_wconf 80' lang='lat'><strong>§-</strong></span> <span class='ocrx_word' id='word_1_7' title='bbox 969 333 1002 401; x_wconf 83' lang='lat'><strong>2.</strong></span> <span class='ocrx_word' id='word_1_8' title='bbox 1136 333 1216 406; x_wconf 76' lang='lat' dir='ltr'><strong>roo</strong></span> 
     </span>
    </p>
   </div>
   <div class='ocr_carea' id='block_1_2' title="bbox 8 505 1287 2968">
    <p class='ocr_par' dir='ltr' id='par_1_2' title="bbox 8 505 1287 2968">
     <span class='ocr_line' id='line_1_2' title="bbox 89 505 1207 603; baseline 0.002 -25"><span class='ocrx_word' id='word_1_9' title='bbox 89 515 173 589; x_wconf 89' lang='lat' dir='ltr'><strong>bnm,</strong></span> <span class='ocrx_word' id='word_1_10' title='bbox 197 512 247 577; x_wconf 92' lang='lat' dir='ltr'><strong>cni</strong></span> <span class='ocrx_word' id='word_1_11' title='bbox 268 511 451 578; x_wconf 76' lang='lat' dir='ltr'><strong>adhaereant</strong></span> <span class='ocrx_word' id='word_1_12' title='bbox 470 522 612 596; x_wconf 85' lang='lat' dir='ltr'><strong>tanquam</strong></span> <span class='ocrx_word' id='word_1_13' title='bbox 633 511 732 596; x_wconf 87' lang='lat' dir='ltr'><strong>stirpi,</strong></span> <span class='ocrx_word' id='word_1_14' title='bbox 756 533 818 576; x_wconf 94' lang='lat' dir='ltr'><strong>non</strong></span> <span class='ocrx_word' id='word_1_15' title='bbox 839 513 961 577; x_wconf 89' lang='lat' dir='ltr'><strong>babent.</strong></span> <span class='ocrx_word' id='word_1_16' title='bbox 992 505 1109 601; x_wconf 77' lang='grc' dir='ltr'><strong><em>Θαλῆς</em></strong></span> <span class='ocrx_word' id='word_1_17' title='bbox 1123 511 1207 603; x_wconf 79' lang='lat' dir='ltr'><strong>llcy·</strong></span> 
     </span>
     <span class='ocr_line' id='line_1_3' title="bbox 90 610 1207 704; baseline 0.004 -24"><span class='ocrx_word' id='word_1_18' title='bbox 90 617 159 680; x_wconf 89' lang='lat' dir='ltr'><strong>nius</strong></span> <span class='ocrx_word' id='word_1_19' title='bbox 180 614 420 680; x_wconf 72' lang='lat' dir='ltr'><strong>comminiscitur</strong></span> <span class='ocrx_word' id='word_1_20' title='bbox 440 615 477 680; x_wconf 91' lang='lat' dir='ltr'><strong>ad</strong></span> <span class='ocrx_word' id='word_1_21' title='bbox 495 613 531 678; x_wconf 93' lang='lat' dir='ltr'><strong>ll.</strong></span> <span class='ocrx_word' id='word_1_22' title='bbox 547 611 664 678; x_wconf 84' lang='lat' dir='ltr'><strong>XXIV.</strong></span> <span class='ocrx_word' id='word_1_23' title='bbox 685 613 760 680; x_wconf 84' lang='grc'><strong>304.</strong></span> <span class='ocrx_word' id='word_1_24' title='bbox 783 615 923 683; x_wconf 85' lang='grc' dir='ltr'><strong><em>θαλέων</em></strong></span> <span class='ocrx_word' id='word_1_25' title='bbox 941 610 1207 704; x_wconf 70' lang='grc' dir='ltr'><strong>ἐμπλησάμενος</strong></span> 
     </span>
     <span class='ocr_line' id='line_1_4' title="bbox 12 711 1206 806; baseline 0.003 -22"><span class='ocrx_word' id='word_1_26' title='bbox 12 739 15 764; x_wconf 87' lang='grc'>·</span> <span class='ocrx_word' id='word_1_27' title='bbox 87 718 160 806; x_wconf 79' lang='grc' dir='ltr'><strong>κῆρ,</strong></span> <span class='ocrx_word' id='word_1_28' title='bbox 184 739 275 804; x_wconf 83' lang='lat' dir='ltr'><strong>qtrcm</strong></span> <span class='ocrx_word' id='word_1_29' title='bbox 297 717 462 802; x_wconf 88' lang='lat' dir='ltr'><strong>genitivum</strong></span> <span class='ocrx_word' id='word_1_30' title='bbox 485 717 683 782; x_wconf 88' lang='lat' dir='ltr'><strong>Bnttmannus</strong></span> <span class='ocrx_word' id='word_1_31' title='bbox 705 719 741 782; x_wconf 93' lang='lat' dir='ltr'><strong>ab</strong></span> <span class='ocrx_word' id='word_1_32' title='bbox 763 719 912 803; x_wconf 88' lang='lat' dir='ltr'><strong>adjectivo</strong></span> <span class='ocrx_word' id='word_1_33' title='bbox 929 713 1051 794; x_wconf 83' lang='grc' dir='ltr'><strong><em>θάλος,</em></strong></span> <span class='ocrx_word' id='word_1_34' title='bbox 1069 711 1206 806; x_wconf 86' lang='grc' dir='ltr'><strong><em>θάλεια,</em></strong></span> 
     </span>
     <span class='ocr_line' id='line_1_5' title="bbox 87 805 1207 908; baseline 0.003 -23"><span class='ocrx_word' id='word_1_35' title='bbox 87 821 214 906; x_wconf 87' lang='lat' dir='ltr'><strong>repetit,</strong></span> <span class='ocrx_word' id='word_1_36' title='bbox 237 821 426 905; x_wconf 81' lang='lat' dir='ltr'><strong>indidemque</strong></span> <span class='ocrx_word' id='word_1_37' title='bbox 447 821 573 884; x_wconf 91' lang='lat' dir='ltr'><strong>verbnm</strong></span> <span class='ocrx_word' id='word_1_38' title='bbox 594 813 738 887; x_wconf 84' lang='grc' dir='ltr'><strong><em>θαλύνω</em></strong></span> <span class='ocrx_word' id='word_1_39' title='bbox 762 819 848 898; x_wconf 59' lang='lat' dir='ltr'><strong>tucn</strong></span> <span class='ocrx_word' id='word_1_40' title='bbox 873 805 979 906; x_wconf 76' lang='lat' dir='ltr'><strong>‹pnibus</strong></span> <span class='ocrx_word' id='word_1_41' title='bbox 1000 823 1068 887; x_wconf 91' lang='lat' dir='ltr'><strong>addi</strong></span> <span class='ocrx_word' id='word_1_42' title='bbox 1088 833 1207 908; x_wconf 86' lang='lat' dir='ltr'><strong>poterat</strong></span> 
     </span>
     <span class='ocr_line' id='line_1_6' title="bbox 87 915 1205 1010; baseline 0.003 -23"><span class='ocrx_word' id='word_1_43' title='bbox 87 945 202 988; x_wconf 86' lang='lat' dir='ltr'><strong>nomen</strong></span> <span class='ocrx_word' id='word_1_44' title='bbox 229 921 410 988; x_wconf 84' lang='lat' dir='ltr'><strong>solemnium</strong></span> <span class='ocrx_word' id='word_1_45' title='bbox 435 917 605 1003; x_wconf 89' lang='grc' dir='ltr'><strong><em>θαλύσια,</em></strong></span> <span class='ocrx_word' id='word_1_46' title='bbox 639 933 674 986; x_wconf 91' lang='lat' dir='ltr'><strong>ut</strong></span> <span class='ocrx_word' id='word_1_47' title='bbox 700 943 719 986; x_wconf 90' lang='lat' dir='ltr'><strong>a</strong></span> <span class='ocrx_word' id='word_1_48' title='bbox 744 921 845 997; x_wconf 83' lang='grc' dir='ltr'><strong><em>νένος</em></strong></span> <span class='ocrx_word' id='word_1_49' title='bbox 871 915 1028 1006; x_wconf 81' lang='grc' dir='ltr'><strong><em>νεκύοια,</em></strong></span> <span class='ocrx_word' id='word_1_50' title='bbox 1060 926 1205 1010; x_wconf 87' lang='lat' dir='ltr'><strong>producta</strong></span> 
     </span>
     <span class='ocr_line' id='line_1_7' title="bbox 84 1019 1207 1116; baseline 0.002 -26"><span class='ocrx_word' id='word_1_51' title='bbox 84 1026 256 1112; x_wconf 88' lang='lat' dir='ltr'><strong>penultima</strong></span> <span class='ocrx_word' id='word_1_52' title='bbox 276 1037 311 1089; x_wconf 91' lang='lat' dir='ltr'><strong>ut</strong></span> <span class='ocrx_word' id='word_1_53' title='bbox 331 1023 426 1115; x_wconf 82' lang='grc' dir='ltr'><strong><em>χάρις</em></strong></span> <span class='ocrx_word' id='word_1_54' title='bbox 445 1023 613 1116; x_wconf 78' lang='grc' dir='ltr'><strong><em>χαρίσιος,</em></strong></span> <span class='ocrx_word' id='word_1_55' title='bbox 633 1019 795 1114; x_wconf 80' lang='grc' dir='ltr'><strong><em>Ἄρτεμις</em></strong></span> <span class='ocrx_word' id='word_1_56' title='bbox 814 1019 1026 1116; x_wconf 79' lang='grc' dir='ltr'><strong><em>Ἀρτεμέοιος</em></strong></span> <span class='ocrx_word' id='word_1_57' title='bbox 1041 1029 1101 1112; x_wconf 79' lang='lat'><strong>1⁵).</strong></span> <span class='ocrx_word' id='word_1_58' title='bbox 1145 1027 1207 1093; x_wconf 90' lang='lat' dir='ltr'><strong>Ve-</strong></span> 
     </span>
     <span class='ocr_line' id='line_1_8' title="bbox 85 1119 1287 1222; baseline 0.007 -30"><span class='ocrx_word' id='word_1_59' title='bbox 85 1139 167 1194; x_wconf 89' lang='lat' dir='ltr'><strong>tercs</strong></span> <span class='ocrx_word' id='word_1_60' title='bbox 186 1129 264 1192; x_wconf 92' lang='lat' dir='ltr'><strong>illud</strong></span> <span class='ocrx_word' id='word_1_61' title='bbox 279 1129 517 1213; x_wconf 82' lang='lat' dir='ltr'><strong>interpretantur</strong></span> <span class='ocrx_word' id='word_1_62' title='bbox 531 1129 680 1214; x_wconf 89' lang='lat' dir='ltr'><strong>adjectivo</strong></span> <span class='ocrx_word' id='word_1_63' title='bbox 695 1121 840 1196; x_wconf 75' lang='grc' dir='ltr'><strong><em>θάλλειν</em></strong></span> <span class='ocrx_word' id='word_1_64' title='bbox 856 1119 1066 1208; x_wconf 75' lang='grc' dir='ltr'><strong><em>ποιούντων,</em></strong></span> <span class='ocrx_word' id='word_1_65' title='bbox 1080 1126 1204 1217; x_wconf 75' lang='grc' dir='ltr'><strong><em>ἡδέων,</em></strong></span> <span class='ocrx_word' id='word_1_66' title='bbox 1283 1213 1287 1222; x_wconf 17' lang='grc' dir='ltr'>ἱ</span> 
     </span>
     <span class='ocr_line' id='line_1_9' title="bbox 11 1223 1206 1319; baseline 0.003 -24"><span class='ocrx_word' id='word_1_67' title='bbox 11 1257 12 1264; x_wconf 47' lang='grc'><strong>“</strong></span> <span class='ocrx_word' id='word_1_68' title='bbox 84 1242 114 1296; x_wconf 86' lang='lat' dir='ltr'><strong>ct</strong></span> <span class='ocrx_word' id='word_1_69' title='bbox 135 1231 252 1296; x_wconf 89' lang='lat' dir='ltr'><strong>Snidas</strong></span> <span class='ocrx_word' id='word_1_70' title='bbox 270 1231 436 1300; x_wconf 85' lang='grc' dir='ltr'><strong><em>Θαλέεσσι</em></strong></span> <span class='ocrx_word' id='word_1_71' title='bbox 455 1244 651 1319; x_wconf 80' lang='grc' dir='ltr'><strong><em>τρυφεραῖς,</em></strong></span> <span class='ocrx_word' id='word_1_72' title='bbox 672 1223 817 1300; x_wconf 86' lang='grc' dir='ltr'><strong><em>θάλλειν</em></strong></span> <span class='ocrx_word' id='word_1_73' title='bbox 837 1225 1030 1310; x_wconf 74' lang='grc' dir='ltr'><strong><em>ποιούσαις,</em></strong></span> <span class='ocrx_word' id='word_1_74' title='bbox 1053 1235 1106 1298; x_wconf 87' lang='lat' dir='ltr'><strong>sed</strong></span> <span class='ocrx_word' id='word_1_75' title='bbox 1122 1229 1206 1299; x_wconf 84' lang='lat' dir='ltr'><strong>lluc-</strong></span> 
     </span>
     <span class='ocr_line' id='line_1_10' title="bbox 84 1335 1206 1430; baseline 0.004 -32"><span class='ocrx_word' id='word_1_76' title='bbox 84 1346 190 1400; x_wconf 88' lang='lat' dir='ltr'><strong>sterus</strong></span> <span class='ocrx_word' id='word_1_77' title='bbox 214 1355 232 1400; x_wconf 90' lang='lat' dir='ltr'><strong>e</strong></span> <span class='ocrx_word' id='word_1_78' title='bbox 255 1335 341 1398; x_wconf 91' lang='lat' dir='ltr'><strong>codd.</strong></span> <span class='ocrx_word' id='word_1_79' title='bbox 365 1347 517 1430; x_wconf 74' lang='grc' dir='ltr'><strong><em>τροφαῖς</em></strong></span> <span class='ocrx_word' id='word_1_80' title='bbox 530 1335 684 1422; x_wconf 79' lang='lat' dir='ltr'><strong>reposuit,</strong></span> <span class='ocrx_word' id='word_1_81' title='bbox 708 1335 786 1420; x_wconf 80' lang='lat' dir='ltr'><strong>qnod</strong></span> <span class='ocrx_word' id='word_1_82' title='bbox 805 1335 902 1420; x_wconf 89' lang='lat' dir='ltr'><strong>poscit</strong></span> <span class='ocrx_word' id='word_1_83' title='bbox 923 1347 1066 1402; x_wconf 89' lang='lat' dir='ltr'><strong>accentus</strong></span> <span class='ocrx_word' id='word_1_84' title='bbox 1087 1347 1119 1401; x_wconf 91' lang='lat' dir='ltr'><strong>et</strong></span> <span class='ocrx_word' id='word_1_85' title='bbox 1136 1337 1206 1402; x_wconf 85' lang='lat' dir='ltr'><strong>snb-</strong></span> 
     </span>
     <span class='ocr_line' id='line_1_11' title="bbox 80 1433 1206 1527; baseline 0 -23"><span class='ocrx_word' id='word_1_86' title='bbox 80 1439 202 1524; x_wconf 83' lang='lat' dir='ltr'><strong>jcctum</strong></span> <span class='ocrx_word' id='word_1_87' title='bbox 227 1436 398 1521; x_wconf 80' lang='lat' dir='ltr'><strong>exemplum</strong></span> <span class='ocrx_word' id='word_1_88' title='bbox 423 1435 484 1505; x_wconf 87' lang='grc' dir='ltr'><strong>τύν</strong></span> <span class='ocrx_word' id='word_1_89' title='bbox 508 1440 576 1525; x_wconf 78' lang='grc' dir='ltr'><strong>μὲν</strong></span> <span class='ocrx_word' id='word_1_90' title='bbox 597 1437 661 1527; x_wconf 79' lang='grc' dir='ltr'><strong><em>ἒγοέ</em></strong></span> <span class='ocrx_word' id='word_1_91' title='bbox 686 1437 871 1506; x_wconf 87' lang='grc' dir='ltr'><strong><em>θαλέεσσιν</em></strong></span> <span class='ocrx_word' id='word_1_92' title='bbox 896 1433 1086 1526; x_wconf 73' lang='grc' dir='ltr'><strong><em>ἀνέτρεφον</em></strong></span> <span class='ocrx_word' id='word_1_93' title='bbox 1111 1437 1206 1504; x_wconf 92' lang='lat' dir='ltr'><strong>idem·</strong></span> 
     </span>
     <span class='ocr_line' id='line_1_12' title="bbox 85 1536 1207 1628; baseline 0.001 -21"><span class='ocrx_word' id='word_1_94' title='bbox 85 1563 141 1627; x_wconf 90' lang='lat' dir='ltr'><strong>qne</strong></span> <span class='ocrx_word' id='word_1_95' title='bbox 167 1539 285 1626; x_wconf 90' lang='lat' dir='ltr'><strong>legitur</strong></span> <span class='ocrx_word' id='word_1_96' title='bbox 305 1540 339 1604; x_wconf 94' lang='lat' dir='ltr'><strong>in</strong></span> <span class='ocrx_word' id='word_1_97' title='bbox 360 1541 512 1606; x_wconf 89' lang='lat' dir='ltr'><strong>Alcmanis</strong></span> <span class='ocrx_word' id='word_1_98' title='bbox 533 1542 584 1604; x_wconf 85' lang='lat' dir='ltr'><strong>Fr.</strong></span> <span class='ocrx_word' id='word_1_99' title='bbox 604 1539 714 1607; x_wconf 90' lang='lat' dir='ltr'><strong>LXVl.</strong></span> <span class='ocrx_word' id='word_1_100' title='bbox 739 1545 777 1609; x_wconf 77' lang='grc' dir='ltr'><strong>έν</strong></span> <span class='ocrx_word' id='word_1_101' title='bbox 798 1537 937 1610; x_wconf 90' lang='grc' dir='ltr'><strong><em>σάλεσσι</em></strong></span> <span class='ocrx_word' id='word_1_102' title='bbox 957 1541 1098 1617; x_wconf 75' lang='grc' dir='ltr'><strong><em>πολλοῖς</em></strong></span> <span class='ocrx_word' id='word_1_103' title='bbox 1115 1536 1207 1628; x_wconf 77' lang='grc' dir='ltr'><strong><em>ἧμι-</em></strong></span> 
     </span>
     <span class='ocr_line' id='line_1_13' title="bbox 82 1640 1203 1732; baseline -0.002 -20"><span class='ocrx_word' id='word_1_104' title='bbox 82 1667 156 1720; x_wconf 82' lang='grc' dir='ltr'><strong>νος.</strong></span> <span class='ocrx_word' id='word_1_105' title='bbox 204 1645 309 1728; x_wconf 85' lang='lat' dir='ltr'><strong>Aeque</strong></span> <span class='ocrx_word' id='word_1_106' title='bbox 331 1644 468 1708; x_wconf 85' lang='lat' dir='ltr'><strong>fictitium</strong></span> <span class='ocrx_word' id='word_1_107' title='bbox 490 1653 539 1710; x_wconf 71' lang='lat' dir='ltr'><strong>ott</strong></span> <span class='ocrx_word' id='word_1_108' title='bbox 557 1640 690 1732; x_wconf 85' lang='grc' dir='ltr'><strong><em>θανής,</em></strong></span> <span class='ocrx_word' id='word_1_109' title='bbox 723 1646 759 1710; x_wconf 87' lang='lat' dir='ltr'><strong>de</strong></span> <span class='ocrx_word' id='word_1_110' title='bbox 784 1667 843 1730; x_wconf 79' lang='lat' dir='ltr'><strong>qno</strong></span> <span class='ocrx_word' id='word_1_111' title='bbox 866 1645 967 1710; x_wconf 83' lang='lat' dir='ltr'><strong>Sobel.</strong></span> <span class='ocrx_word' id='word_1_112' title='bbox 992 1645 1047 1710; x_wconf 89' lang='lat' dir='ltr'><strong>0d.</strong></span> <span class='ocrx_word' id='word_1_113' title='bbox 1072 1643 1203 1730; x_wconf 55' lang='lat' dir='ltr'><strong>Mss.</strong></span> 
     </span>
     <span class='ocr_line' id='line_1_14' title="bbox 83 1737 1207 1836; baseline 0.001 -23"><span class='ocrx_word' id='word_1_114' title='bbox 83 1759 113 1813; x_wconf 85' lang='lat' dir='ltr'><strong>et</strong></span> <span class='ocrx_word' id='word_1_115' title='bbox 134 1747 319 1812; x_wconf 87' lang='lat' dir='ltr'><strong>Eustatbius</strong></span> <span class='ocrx_word' id='word_1_116' title='bbox 341 1767 369 1832; x_wconf 92' lang='lat' dir='ltr'><strong>p.</strong></span> <span class='ocrx_word' id='word_1_117' title='bbox 392 1743 493 1824; x_wconf 85' lang='grc'>1705,</span> <span class='ocrx_word' id='word_1_118' title='bbox 517 1745 571 1812; x_wconf 82' lang='grc'><strong>00.</strong></span> <span class='ocrx_word' id='word_1_119' title='bbox 595 1743 635 1814; x_wconf 80' lang='grc' dir='ltr'><strong>τύ</strong></span> <span class='ocrx_word' id='word_1_120' title='bbox 657 1745 833 1822; x_wconf 82' lang='grc' dir='ltr'><strong><em>διςθανέες</em></strong></span> <span class='ocrx_word' id='word_1_121' title='bbox 854 1751 892 1815; x_wconf 79' lang='grc' dir='ltr'><strong>ἐν</strong></span> <span class='ocrx_word' id='word_1_122' title='bbox 913 1745 991 1814; x_wconf 82' lang='lat' dir='ltr'><strong>duel</strong></span> <span class='ocrx_word' id='word_1_123' title='bbox 1009 1746 1129 1836; x_wconf 82' lang='grc' dir='ltr'><strong><em>μέρεσι</em></strong></span> <span class='ocrx_word' id='word_1_124' title='bbox 1149 1737 1207 1814; x_wconf 79' lang='lat' dir='ltr'><strong>td-</strong></span> 
     </span>
     <span class='ocr_line' id='line_1_15' title="bbox 81 1843 1203 1940; baseline -0.004 -22"><span class='ocrx_word' id='word_1_125' title='bbox 81 1875 148 1940; x_wconf 73' lang='grc' dir='ltr'><strong>μου</strong></span> <span class='ocrx_word' id='word_1_126' title='bbox 174 1845 399 1938; x_wconf 80' lang='grc' dir='ltr'><strong><em>οἲναγινιύσιιει</em></strong></span> <span class='ocrx_word' id='word_1_127' title='bbox 414 1843 675 1938; x_wconf 79' lang='grc' dir='ltr'><strong><em>Ἀπολλόδωρος.</em></strong></span> <span class='ocrx_word' id='word_1_128' title='bbox 705 1849 923 1940; x_wconf 80' lang='grc' dir='ltr'><strong><em>Κνδεστέρας</em></strong></span> <span class='ocrx_word' id='word_1_129' title='bbox 945 1847 1084 1925; x_wconf 76' lang='grc' dir='ltr'><strong><em>ἐλπίδας</em></strong></span> <span class='ocrx_word' id='word_1_130' title='bbox 1098 1849 1203 1936; x_wconf 82' lang='lat' dir='ltr'><strong>Polyb.</strong></span> 
     </span>
     <span class='ocr_line' id='line_1_16' title="bbox 82 1952 1207 2040; baseline 0 -22"><span class='ocrx_word' id='word_1_131' title='bbox 82 1955 136 2020; x_wconf 93' lang='lat' dir='ltr'><strong>lll.</strong></span> <span class='ocrx_word' id='word_1_132' title='bbox 165 1952 228 2030; x_wconf 81' lang='lat'><strong>96,</strong></span> <span class='ocrx_word' id='word_1_133' title='bbox 254 1953 285 2018; x_wconf 89' lang='grc'><strong>7.</strong></span> <span class='ocrx_word' id='word_1_134' title='bbox 320 1953 624 2040; x_wconf 86' lang='lat' dir='ltr'><strong>Schweighaeuserus</strong></span> <span class='ocrx_word' id='word_1_135' title='bbox 647 1963 762 2019; x_wconf 87' lang='lat' dir='ltr'><strong>temere</strong></span> <span class='ocrx_word' id='word_1_136' title='bbox 786 1955 919 2019; x_wconf 75' lang='lat' dir='ltr'><strong>defendit</strong></span> <span class='ocrx_word' id='word_1_137' title='bbox 943 1955 1088 2020; x_wconf 89' lang='lat' dir='ltr'><strong>adversus</strong></span> <span class='ocrx_word' id='word_1_138' title='bbox 1109 1953 1207 2018; x_wconf 82' lang='lat' dir='ltr'><strong>Erno·</strong></span> 
     </span>
     <span class='ocr_line' id='line_1_17' title="bbox 84 2055 1207 2146; baseline -0.003 -24"><span class='ocrx_word' id='word_1_139' title='bbox 84 2059 181 2122; x_wconf 90' lang='lat' dir='ltr'><strong>stium</strong></span> <span class='ocrx_word' id='word_1_140' title='bbox 201 2055 457 2146; x_wconf 76' lang='grc' dir='ltr'><strong><em>ἐπικωιλεοτέρας</em></strong></span> <span class='ocrx_word' id='word_1_141' title='bbox 478 2056 694 2143; x_wconf 77' lang='lat' dir='ltr'><strong>corrigentem,</strong></span> <span class='ocrx_word' id='word_1_142' title='bbox 717 2079 775 2143; x_wconf 90' lang='lat' dir='ltr'><strong>quo</strong></span> <span class='ocrx_word' id='word_1_143' title='bbox 797 2057 849 2122; x_wconf 89' lang='lat' dir='ltr'><strong>ille</strong></span> <span class='ocrx_word' id='word_1_144' title='bbox 871 2057 990 2142; x_wconf 88' lang='lat' dir='ltr'><strong>saepius</strong></span> <span class='ocrx_word' id='word_1_145' title='bbox 1011 2067 1132 2144; x_wconf 85' lang='lat' dir='ltr'><strong>etcum</strong></span> <span class='ocrx_word' id='word_1_146' title='bbox 1155 2075 1207 2120; x_wconf 84' lang='lat' dir='ltr'><strong>ec·</strong></span> 
     </span>
     <span class='ocr_line' id='line_1_18' title="bbox 9 2153 1208 2250; baseline -0.003 -24"><span class='ocrx_word' id='word_1_147' title='bbox 9 2195 11 2204; x_wconf 74' lang='lat'>=</span> <span class='ocrx_word' id='word_1_148' title='bbox 83 2163 156 2226; x_wconf 91' lang='lat' dir='ltr'><strong>dem</strong></span> <span class='ocrx_word' id='word_1_149' title='bbox 179 2161 368 2225; x_wconf 86' lang='lat' dir='ltr'><strong>substantivo</strong></span> <span class='ocrx_word' id='word_1_150' title='bbox 389 2160 498 2226; x_wconf 91' lang='lat' dir='ltr'><strong>utitur.</strong></span> <span class='ocrx_word' id='word_1_151' title='bbox 532 2157 708 2247; x_wconf 80' lang='grc' dir='ltr'><strong><em>Μενοινύς</em></strong></span> <span class='ocrx_word' id='word_1_152' title='bbox 726 2153 912 2250; x_wconf 81' lang='grc' dir='ltr'><strong><em>πρόθυμος</em></strong></span> <span class='ocrx_word' id='word_1_153' title='bbox 930 2158 1063 2246; x_wconf 87' lang='lat' dir='ltr'><strong>Hcsyob.</strong></span> <span class='ocrx_word' id='word_1_154' title='bbox 1088 2157 1208 2224; x_wconf 88' lang='lat' dir='ltr'><strong>etiamsi</strong></span> 
     </span>
     <span class='ocr_line' id='line_1_19' title="bbox 9 2259 1208 2350; baseline -0.004 -20"><span class='ocrx_word' id='word_1_155' title='bbox 9 2263 11 2278; x_wconf 59' lang='lat'><em>²</em></span> <span class='ocrx_word' id='word_1_156' title='bbox 84 2275 201 2330; x_wconf 86' lang='lat' dir='ltr'><strong>testem</strong></span> <span class='ocrx_word' id='word_1_157' title='bbox 224 2263 359 2340; x_wconf 89' lang='lat' dir='ltr'><strong>baberet,</strong></span> <span class='ocrx_word' id='word_1_158' title='bbox 382 2274 484 2328; x_wconf 86' lang='lat' dir='ltr'><strong>tamen</strong></span> <span class='ocrx_word' id='word_1_159' title='bbox 505 2265 542 2328; x_wconf 88' lang='lat' dir='ltr'><strong>ad</strong></span> <span class='ocrx_word' id='word_1_160' title='bbox 562 2275 752 2350; x_wconf 87' lang='lat' dir='ltr'><strong>praesentem</strong></span> <span class='ocrx_word' id='word_1_161' title='bbox 773 2283 861 2328; x_wconf 89' lang='lat' dir='ltr'><strong>usum</strong></span> <span class='ocrx_word' id='word_1_162' title='bbox 879 2261 956 2324; x_wconf 93' lang='lat' dir='ltr'><strong>nibil</strong></span> <span class='ocrx_word' id='word_1_163' title='bbox 974 2261 1139 2326; x_wconf 79' lang='lat' dir='ltr'><strong>conferret.</strong></span> <span class='ocrx_word' id='word_1_164' title='bbox 1171 2259 1208 2325; x_wconf 94' lang='lat' dir='ltr'><strong>ln</strong></span> 
     </span>
     <span class='ocr_line' id='line_1_20' title="bbox 83 2357 1208 2456; baseline 0 -24"><span class='ocrx_word' id='word_1_165' title='bbox 83 2367 235 2432; x_wconf 82' lang='lat' dir='ltr'><strong>Nicandri</strong></span> <span class='ocrx_word' id='word_1_166' title='bbox 254 2365 304 2430; x_wconf 81' lang='lat' dir='ltr'><strong>Fr.</strong></span> <span class='ocrx_word' id='word_1_167' title='bbox 323 2365 348 2432; x_wconf 93' lang='grc' dir='ltr'><strong>Ι.</strong></span> <span class='ocrx_word' id='word_1_168' title='bbox 371 2365 469 2456; x_wconf 80' lang='grc' dir='ltr'><strong><em>χέύρα</em></strong></span> <span class='ocrx_word' id='word_1_169' title='bbox 489 2369 558 2454; x_wconf 81' lang='grc' dir='ltr'><strong>μέν</strong></span> <span class='ocrx_word' id='word_1_170' title='bbox 577 2363 770 2455; x_wconf 78' lang='grc' dir='ltr'><strong><em>ἐντρίψειας</em></strong></span> <span class='ocrx_word' id='word_1_171' title='bbox 784 2357 957 2444; x_wconf 78' lang='grc' dir='ltr'><strong><em>-εύύδει</em></strong></span> <span class='ocrx_word' id='word_1_172' title='bbox 973 2361 1011 2430; x_wconf 80' lang='lat' dir='ltr'><strong>&#39;dd</strong></span> <span class='ocrx_word' id='word_1_173' title='bbox 1026 2361 1112 2451; x_wconf 76' lang='grc' dir='ltr'><strong>μινῆ</strong></span> <span class='ocrx_word' id='word_1_174' title='bbox 1130 2359 1208 2451; x_wconf 85' lang='grc' dir='ltr'><strong><em>άμοι</em></strong></span> 
     </span>
     <span class='ocr_line' id='line_1_21' title="bbox 8 2459 1207 2562; baseline -0.003 -25"><span class='ocrx_word' id='word_1_175' title='bbox 8 2535 32 2562; x_wconf 15' lang='grc' dir='ltr'><strong>γ,</strong></span> <span class='ocrx_word' id='word_1_176' title='bbox 85 2469 226 2558; x_wconf 82' lang='grc' dir='ltr'><strong><em>φῦρσον</em></strong></span> <span class='ocrx_word' id='word_1_177' title='bbox 249 2467 357 2557; x_wconf 76' lang='grc' dir='ltr'><strong><em>ἐλαίῳ,</em></strong></span> <span class='ocrx_word' id='word_1_178' title='bbox 380 2469 580 2536; x_wconf 88' lang='lat' dir='ltr'><strong>Sobncidcrus</strong></span> <span class='ocrx_word' id='word_1_179' title='bbox 601 2469 795 2556; x_wconf 86' lang='lat' dir='ltr'><strong>probabiliter</strong></span> <span class='ocrx_word' id='word_1_180' title='bbox 816 2467 942 2552; x_wconf 84' lang='lat' dir='ltr'><strong>corrigit</strong></span> <span class='ocrx_word' id='word_1_181' title='bbox 958 2463 1098 2554; x_wconf 79' lang='grc' dir='ltr'><strong><em>μιγένθ”</em></strong></span> <span class='ocrx_word' id='word_1_182' title='bbox 1116 2459 1207 2552; x_wconf 79' lang='grc' dir='ltr'><strong><em>άμα,</em></strong></span> 
     </span>
     <span class='ocr_line' id='line_1_22' title="bbox 8 2567 1207 2661; baseline -0.005 -23"><span class='ocrx_word' id='word_1_183' title='bbox 8 2601 10 2604; x_wconf 95' lang='grc'><strong><em>·</em></strong></span> <span class='ocrx_word' id='word_1_184' title='bbox 84 2594 189 2658; x_wconf 90' lang='lat' dir='ltr'><strong>nequc</strong></span> <span class='ocrx_word' id='word_1_185' title='bbox 211 2571 257 2636; x_wconf 90' lang='lat' dir='ltr'><strong>illi</strong></span> <span class='ocrx_word' id='word_1_186' title='bbox 278 2572 365 2636; x_wconf 80' lang='lat' dir='ltr'><strong>lidum</strong></span> <span class='ocrx_word' id='word_1_187' title='bbox 387 2573 469 2637; x_wconf 85' lang='lat' dir='ltr'><strong>addit</strong></span> <span class='ocrx_word' id='word_1_188' title='bbox 489 2573 663 2638; x_wconf 89' lang='lat' dir='ltr'><strong>adverbium</strong></span> <span class='ocrx_word' id='word_1_189' title='bbox 683 2569 771 2661; x_wconf 83' lang='grc' dir='ltr'><strong><em>μέγα</em></strong></span> <span class='ocrx_word' id='word_1_190' title='bbox 792 2573 858 2638; x_wconf 88' lang='lat' dir='ltr'><strong>sive</strong></span> <span class='ocrx_word' id='word_1_191' title='bbox 879 2569 1003 2660; x_wconf 77' lang='lat' dir='ltr'><strong>ptloyu·</strong></span> <span class='ocrx_word' id='word_1_192' title='bbox 1028 2581 1156 2652; x_wconf 84' lang='lat' dir='ltr'><strong>namquo</strong></span> <span class='ocrx_word' id='word_1_193' title='bbox 1178 2567 1207 2634; x_wconf 86' lang='lat' dir='ltr'><strong>si</strong></span> 
     </span>
     <span class='ocr_line' id='line_1_23' title="bbox 85 2664 1207 2767; baseline -0.01 -23"><span class='ocrx_word' id='word_1_194' title='bbox 85 2669 202 2762; x_wconf 81' lang='grc' dir='ltr'><strong><em>σάφα,</em></strong></span> <span class='ocrx_word' id='word_1_195' title='bbox 225 2669 350 2762; x_wconf 77' lang='grc' dir='ltr'><strong><em>κάρτα,</em></strong></span> <span class='ocrx_word' id='word_1_196' title='bbox 372 2674 466 2765; x_wconf 78' lang='grc' dir='ltr'><strong><em>λίγα,</em></strong></span> <span class='ocrx_word' id='word_1_197' title='bbox 488 2669 587 2767; x_wconf 87' lang='grc' dir='ltr'><strong><em>τάχα,</em></strong></span> <span class='ocrx_word' id='word_1_198' title='bbox 611 2669 679 2744; x_wconf 81' lang='grc' dir='ltr'><strong><em>ὦκα</em></strong></span> <span class='ocrx_word' id='word_1_199' title='bbox 700 2677 737 2739; x_wconf 90' lang='lat' dir='ltr'><strong>ab</strong></span> <span class='ocrx_word' id='word_1_200' title='bbox 759 2664 933 2763; x_wconf 79' lang='lat' dir='ltr'><strong>adjectivii,</strong></span> <span class='ocrx_word' id='word_1_201' title='bbox 958 2684 993 2738; x_wconf 95' lang='lat' dir='ltr'><strong>ut</strong></span> <span class='ocrx_word' id='word_1_202' title='bbox 1012 2669 1207 2736; x_wconf 87' lang='lat' dir='ltr'><strong>Grammatici</strong></span> 
     </span>
     <span class='ocr_line' id='line_1_24' title="bbox 86 2774 1208 2864; baseline -0.005 -20"><span class='ocrx_word' id='word_1_203' title='bbox 86 2779 218 2856; x_wconf 87' lang='lat' dir='ltr'><strong>volunt,</strong></span> <span class='ocrx_word' id='word_1_204' title='bbox 257 2779 354 2863; x_wconf 89' lang='lat' dir='ltr'><strong>repeti</strong></span> <span class='ocrx_word' id='word_1_205' title='bbox 383 2789 526 2864; x_wconf 89' lang='lat' dir='ltr'><strong>possunt,</strong></span> <span class='ocrx_word' id='word_1_206' title='bbox 566 2789 667 2842; x_wconf 87' lang='lat' dir='ltr'><strong>tamen</strong></span> <span class='ocrx_word' id='word_1_207' title='bbox 699 2779 774 2843; x_wconf 89' lang='lat' dir='ltr'><strong>baec</strong></span> <span class='ocrx_word' id='word_1_208' title='bbox 807 2776 970 2843; x_wconf 82' lang='lat' dir='ltr'><strong>similitudo</strong></span> <span class='ocrx_word' id='word_1_209' title='bbox 1001 2774 1127 2840; x_wconf 81' lang='lat' dir='ltr'><strong>fortuita</strong></span> <span class='ocrx_word' id='word_1_210' title='bbox 1158 2779 1208 2839; x_wconf 71' lang='lat' dir='ltr'><strong>est</strong></span> 
     </span>
     <span class='ocr_line' id='line_1_25' title="bbox 86 2873 1207 2968; baseline -0.005 -22"><span class='ocrx_word' id='word_1_211' title='bbox 86 2893 215 2968; x_wconf 88' lang='lat' dir='ltr'><strong>propter</strong></span> <span class='ocrx_word' id='word_1_212' title='bbox 239 2881 407 2946; x_wconf 87' lang='lat' dir='ltr'><strong>naturalem</strong></span> <span class='ocrx_word' id='word_1_213' title='bbox 432 2883 648 2968; x_wconf 87' lang='lat' dir='ltr'><strong>adjectivorum</strong></span> <span class='ocrx_word' id='word_1_214' title='bbox 674 2893 705 2947; x_wconf 90' lang='lat' dir='ltr'><strong>et</strong></span> <span class='ocrx_word' id='word_1_215' title='bbox 730 2882 940 2947; x_wconf 86' lang='lat' dir='ltr'><strong>adverbiorum</strong></span> <span class='ocrx_word' id='word_1_216' title='bbox 966 2879 1058 2964; x_wconf 85' lang='lat' dir='ltr'><strong>(quae</strong></span> <span class='ocrx_word' id='word_1_217' title='bbox 1083 2873 1207 2963; x_wconf 85' lang='lat' dir='ltr'><strong>Apollo·</strong></span> 
     </span>
    </p>
   </div>
   <div class='ocr_carea' id='block_1_3' title="bbox 87 2980 1329 3072">
    <p class='ocr_par' dir='ltr' id='par_1_3' title="bbox 87 2980 1329 3072">
     <span class='ocr_line' id='line_1_26' title="bbox 87 2980 1329 3072; baseline -0.002 -22"><span class='ocrx_word' id='word_1_218' title='bbox 87 2987 159 3050; x_wconf 91' lang='lat' dir='ltr'><strong>nius</strong></span> <span class='ocrx_word' id='word_1_219' title='bbox 186 2982 365 3051; x_wconf 76' lang='grc' dir='ltr'><strong><em>ἑπιθετικά</em></strong></span> <span class='ocrx_word' id='word_1_220' title='bbox 391 2980 555 3072; x_wconf 77' lang='grc' dir='ltr'><strong><em>ῥημάτων</em></strong></span> <span class='ocrx_word' id='word_1_221' title='bbox 578 2987 682 3069; x_wconf 84' lang='grc' dir='ltr'><strong><em>νοοοι)</em></strong></span> <span class='ocrx_word' id='word_1_222' title='bbox 707 2985 934 3072; x_wconf 84' lang='lat' dir='ltr'><strong>cognationem,</strong></span> <span class='ocrx_word' id='word_1_223' title='bbox 965 3001 1063 3067; x_wconf 88' lang='lat' dir='ltr'><strong>neque</strong></span> <span class='ocrx_word' id='word_1_224' title='bbox 1084 2989 1207 3065; x_wconf 87' lang='lat' dir='ltr'><strong>propter</strong></span> <span class='ocrx_word' id='word_1_225' title='bbox 1327 3038 1329 3048; x_wconf 78' lang='grc'><strong>.</strong></span> 
     </span>
    </p>
   </div>
   <div class='ocr_carea' id='block_1_4' title="bbox 28 3079 1290 3796">
    <p class='ocr_par' dir='ltr' id='par_1_4' title="bbox 28 3079 1290 3796">
     <span class='ocr_line' id='line_1_27' title="bbox 86 3079 1290 3175; baseline -0.005 -22"><span class='ocrx_word' id='word_1_226' title='bbox 86 3083 173 3174; x_wconf 82' lang='grc' dir='ltr'><strong><em>ἦκα,</em></strong></span> <span class='ocrx_word' id='word_1_227' title='bbox 197 3100 277 3175; x_wconf 79' lang='grc' dir='ltr'><strong><em>σῖγα</em></strong></span> <span class='ocrx_word' id='word_1_228' title='bbox 291 3086 353 3168; x_wconf 83' lang='lat'><strong>¹⁶),</strong></span> <span class='ocrx_word' id='word_1_229' title='bbox 375 3081 483 3170; x_wconf 79' lang='grc' dir='ltr'><strong><em>πύκα,</em></strong></span> <span class='ocrx_word' id='word_1_230' title='bbox 505 3087 605 3166; x_wconf 76' lang='grc' dir='ltr'><strong><em>λίπα,</em></strong></span> <span class='ocrx_word' id='word_1_231' title='bbox 627 3081 729 3171; x_wconf 84' lang='grc' dir='ltr'><strong><em>άντα,</em></strong></span> <span class='ocrx_word' id='word_1_232' title='bbox 752 3091 828 3154; x_wconf 87' lang='lat' dir='ltr'><strong>sumi</strong></span> <span class='ocrx_word' id='word_1_233' title='bbox 852 3085 923 3151; x_wconf 91' lang='lat' dir='ltr'><strong>licet</strong></span> <span class='ocrx_word' id='word_1_234' title='bbox 942 3085 1090 3170; x_wconf 88' lang='lat' dir='ltr'><strong>adjectiva</strong></span> <span class='ocrx_word' id='word_1_235' title='bbox 1108 3079 1205 3169; x_wconf 80' lang='grc' dir='ltr'><strong><em>ἦνέα,</em></strong></span> <span class='ocrx_word' id='word_1_236' title='bbox 1284 3113 1290 3127; x_wconf 67' lang='lat'>=</span> 
     </span>
     <span class='ocr_line' id='line_1_28' title="bbox 28 3185 1205 3282; baseline -0.012 -21"><span class='ocrx_word' id='word_1_237' title='bbox 28 3236 32 3246; x_wconf 50' lang='grc' dir='ltr'><strong><em>ι</em></strong></span> <span class='ocrx_word' id='word_1_238' title='bbox 86 3189 335 3260; x_wconf 62' lang='lat' dir='ltr'><strong>circinatum</strong></span> <span class='ocrx_word' id='word_1_239' title='bbox 356 3213 443 3256; x_wconf 92' lang='lat' dir='ltr'><strong>usum</strong></span> <span class='ocrx_word' id='word_1_240' title='bbox 466 3203 587 3277; x_wconf 82' lang='lat' dir='ltr'><strong>recepta</strong></span> <span class='ocrx_word' id='word_1_241' title='bbox 608 3193 720 3270; x_wconf 86' lang='lat' dir='ltr'><strong>luisse,</strong></span> <span class='ocrx_word' id='word_1_242' title='bbox 753 3191 806 3256; x_wconf 87' lang='lat' dir='ltr'><strong>scd</strong></span> <span class='ocrx_word' id='word_1_243' title='bbox 827 3189 926 3274; x_wconf 91' lang='lat' dir='ltr'><strong>potius</strong></span> <span class='ocrx_word' id='word_1_244' title='bbox 950 3189 992 3252; x_wconf 91' lang='lat' dir='ltr'><strong>ita</strong></span> <span class='ocrx_word' id='word_1_245' title='bbox 1014 3185 1205 3282; x_wconf 88' lang='lat' dir='ltr'><strong>statuendum</strong></span> 
     </span>
     <span class='ocr_line' id='line_1_29' title="bbox 87 3287 1206 3381; baseline -0.008 -21"><span class='ocrx_word' id='word_1_246' title='bbox 87 3295 233 3362; x_wconf 83' lang='lat' dir='ltr'><strong>adverbia</strong></span> <span class='ocrx_word' id='word_1_247' title='bbox 259 3293 293 3357; x_wconf 95' lang='lat' dir='ltr'><strong>in</strong></span> <span class='ocrx_word' id='word_1_248' title='bbox 321 3314 355 3358; x_wconf 89' lang='lat' dir='ltr'><strong>sc</strong></span> <span class='ocrx_word' id='word_1_249' title='bbox 384 3294 540 3358; x_wconf 87' lang='lat' dir='ltr'><strong>continere</strong></span> <span class='ocrx_word' id='word_1_250' title='bbox 567 3295 630 3359; x_wconf 93' lang='lat' dir='ltr'><strong>vim</strong></span> <span class='ocrx_word' id='word_1_251' title='bbox 655 3293 872 3381; x_wconf 87' lang='lat' dir='ltr'><strong>adjectivorum</strong></span> <span class='ocrx_word' id='word_1_252' title='bbox 899 3292 953 3356; x_wconf 91' lang='lat' dir='ltr'><strong>scd</strong></span> <span class='ocrx_word' id='word_1_253' title='bbox 976 3291 1043 3355; x_wconf 87' lang='lat' dir='ltr'><strong>sine</strong></span> <span class='ocrx_word' id='word_1_254' title='bbox 1064 3287 1206 3352; x_wconf 86' lang='lat' dir='ltr'><strong>articula-</strong></span> 
     </span>
     <span class='ocr_line' id='line_1_30' title="bbox 88 3397 1203 3484; baseline -0.011 -22"><span class='ocrx_word' id='word_1_255' title='bbox 88 3399 174 3462; x_wconf 89' lang='lat' dir='ltr'><strong>tione</strong></span> <span class='ocrx_word' id='word_1_256' title='bbox 197 3397 333 3484; x_wconf 88' lang='lat' dir='ltr'><strong>generis,</strong></span> <span class='ocrx_word' id='word_1_257' title='bbox 356 3397 475 3461; x_wconf 89' lang='lat' dir='ltr'><strong>numeri</strong></span> <span class='ocrx_word' id='word_1_258' title='bbox 497 3406 528 3460; x_wconf 89' lang='lat' dir='ltr'><strong>ct</strong></span> <span class='ocrx_word' id='word_1_259' title='bbox 550 3418 683 3462; x_wconf 90' lang='lat' dir='ltr'><strong>casuum.</strong></span> <span class='ocrx_word' id='word_1_260' title='bbox 722 3399 781 3461; x_wconf 92' lang='lat' dir='ltr'><strong>Sed</strong></span> <span class='ocrx_word' id='word_1_261' title='bbox 802 3397 946 3470; x_wconf 82' lang='lat' dir='ltr'><strong>referam,</strong></span> <span class='ocrx_word' id='word_1_262' title='bbox 969 3409 1045 3477; x_wconf 83' lang='lat' dir='ltr'><strong>qttao</strong></span> <span class='ocrx_word' id='word_1_263' title='bbox 1066 3399 1203 3453; x_wconf 81' lang='lat' dir='ltr'><strong>restant:</strong></span> 
     </span>
     <span class='ocr_line' id='line_1_31' title="bbox 57 3488 1207 3590; baseline -0.012 -21"><span class='ocrx_word' id='word_1_264' title='bbox 57 3557 71 3573; x_wconf 80' lang='grc'><strong>,.</strong></span> <span class='ocrx_word' id='word_1_265' title='bbox 90 3491 234 3586; x_wconf 80' lang='grc' dir='ltr'><strong><em>Σθενής</em></strong></span> <span class='ocrx_word' id='word_1_266' title='bbox 264 3492 398 3590; x_wconf 81' lang='grc' dir='ltr'><strong><em>ἰσχυρός</em></strong></span> <span class='ocrx_word' id='word_1_267' title='bbox 427 3489 515 3564; x_wconf 90' lang='lat' dir='ltr'><strong>Pbot.</strong></span> <span class='ocrx_word' id='word_1_268' title='bbox 546 3510 578 3563; x_wconf 88' lang='lat' dir='ltr'><strong>ct</strong></span> <span class='ocrx_word' id='word_1_269' title='bbox 607 3500 689 3564; x_wconf 86' lang='lat' dir='ltr'><strong>Suid.</strong></span> <span class='ocrx_word' id='word_1_270' title='bbox 720 3495 763 3566; x_wconf 87' lang='grc' dir='ltr'><strong>ού</strong></span> <span class='ocrx_word' id='word_1_271' title='bbox 792 3497 943 3578; x_wconf 80' lang='grc' dir='ltr'><strong><em>σθενῶς,</em></strong></span> <span class='ocrx_word' id='word_1_272' title='bbox 973 3488 1042 3560; x_wconf 83' lang='grc' dir='ltr'><strong>ούιιΙ</strong></span> <span class='ocrx_word' id='word_1_273' title='bbox 1065 3489 1207 3581; x_wconf 80' lang='grc' dir='ltr'><strong><em>ι’σχορύς</em></strong></span> 
     </span>
     <span class='ocr_line' id='line_1_32' title="bbox 89 3596 1206 3693; baseline -0.011 -25"><span class='ocrx_word' id='word_1_274' title='bbox 89 3603 229 3692; x_wconf 85' lang='lat' dir='ltr'><strong>Hesycb.</strong></span> <span class='ocrx_word' id='word_1_275' title='bbox 258 3600 402 3693; x_wconf 82' lang='grc' dir='ltr'><strong><em>σπερχής</em></strong></span> <span class='ocrx_word' id='word_1_276' title='bbox 426 3601 613 3677; x_wconf 73' lang='grc' dir='ltr'><strong><em>σπουδαῖος</em></strong></span> <span class='ocrx_word' id='word_1_277' title='bbox 636 3602 669 3666; x_wconf 94' lang='lat' dir='ltr'><strong>in</strong></span> <span class='ocrx_word' id='word_1_278' title='bbox 691 3601 844 3687; x_wconf 86' lang='lat' dir='ltr'><strong>Rutgersii</strong></span> <span class='ocrx_word' id='word_1_279' title='bbox 866 3596 1039 3673; x_wconf 88' lang='lat' dir='ltr'><strong>Glossario‚</strong></span> <span class='ocrx_word' id='word_1_280' title='bbox 1070 3615 1125 3679; x_wconf 91' lang='lat' dir='ltr'><strong>pro</strong></span> <span class='ocrx_word' id='word_1_281' title='bbox 1148 3613 1206 3678; x_wconf 91' lang='lat' dir='ltr'><strong>quc</strong></span> 
     </span>
     <span class='ocr_line' id='line_1_33' title="bbox 87 3693 1206 3796; baseline -0.012 -21"><span class='ocrx_word' id='word_1_282' title='bbox 87 3697 263 3796; x_wconf 76' lang='grc' dir='ltr'><strong><em>άσπερχύς</em></strong></span> <span class='ocrx_word' id='word_1_283' title='bbox 290 3707 349 3770; x_wconf 90' lang='lat' dir='ltr'><strong>dici</strong></span> <span class='ocrx_word' id='word_1_284' title='bbox 377 3707 456 3772; x_wconf 90' lang='lat' dir='ltr'><strong>solet</strong></span> <span class='ocrx_word' id='word_1_285' title='bbox 482 3719 517 3772; x_wconf 91' lang='lat' dir='ltr'><strong>ut</strong></span> <span class='ocrx_word' id='word_1_286' title='bbox 542 3697 688 3795; x_wconf 77' lang='grc' dir='ltr'><strong><em>άχανύς,</em></strong></span> <span class='ocrx_word' id='word_1_287' title='bbox 719 3717 872 3790; x_wconf 87' lang='lat' dir='ltr'><strong>postremo</strong></span> <span class='ocrx_word' id='word_1_288' title='bbox 900 3698 994 3790; x_wconf 82' lang='grc' dir='ltr'><strong><em>φούς</em></strong></span> <span class='ocrx_word' id='word_1_289' title='bbox 1020 3693 1120 3785; x_wconf 86' lang='grc' dir='ltr'><strong><em>φύσει</em></strong></span> <span class='ocrx_word' id='word_1_290' title='bbox 1146 3695 1206 3762; x_wconf 79' lang='lat' dir='ltr'><strong>llo·</strong></span> 
     </span>
    </p>
   </div>
   <div class='ocr_carea' id='block_1_5' title="bbox 87 3964 1205 4310">
    <p class='ocr_par' dir='ltr' id='par_1_5' title="bbox 88 3964 1203 4122">
     <span class='ocr_line' id='line_1_34' title="bbox 162 3964 1203 4050; baseline -0.013 -14"><span class='ocrx_word' id='word_1_291' title='bbox 162 3981 207 4050; x_wconf 87' lang='lat'><strong>15)</strong></span> <span class='ocrx_word' id='word_1_292' title='bbox 224 3982 323 4040; x_wconf 66' lang='lat' dir='ltr'><strong>Anecd</strong></span> <span class='ocrx_word' id='word_1_293' title='bbox 337 3981 423 4033; x_wconf 72' lang='lat' dir='ltr'><strong>(Iram.</strong></span> <span class='ocrx_word' id='word_1_294' title='bbox 439 3979 460 4031; x_wconf 85' lang='lat' dir='ltr'><strong>l.</strong></span> <span class='ocrx_word' id='word_1_295' title='bbox 477 3978 536 4038; x_wconf 82' lang='lat'><strong>172.</strong></span> <span class='ocrx_word' id='word_1_296' title='bbox 552 3975 718 4050; x_wconf 80' lang='grc' dir='ltr'><strong><em>Ἀρτεμέοιος</em></strong></span> <span class='ocrx_word' id='word_1_297' title='bbox 733 3974 767 4032; x_wconf 85' lang='grc' dir='ltr'><strong>τέ</strong></span> <span class='ocrx_word' id='word_1_298' title='bbox 784 3995 818 4048; x_wconf 86' lang='grc' dir='ltr'><strong>μι</strong></span> <span class='ocrx_word' id='word_1_299' title='bbox 831 3965 932 4046; x_wconf 63' lang='grc' dir='ltr'><strong><em>βραχύ,</em></strong></span> <span class='ocrx_word' id='word_1_300' title='bbox 946 3964 984 4027; x_wconf 82' lang='grc' dir='ltr'><strong>Ιτά</strong></span> <span class='ocrx_word' id='word_1_301' title='bbox 998 3967 1027 4026; x_wconf 78' lang='lat' dir='ltr'><strong>dd</strong></span> <span class='ocrx_word' id='word_1_302' title='bbox 1046 3991 1075 4025; x_wconf 85' lang='grc' dir='ltr'><strong>σι</strong></span> <span class='ocrx_word' id='word_1_303' title='bbox 1088 3966 1203 4044; x_wconf 76' lang='grc' dir='ltr'><strong><em>μακράν.</em></strong></span> 
     </span>
     <span class='ocr_line' id='line_1_35' title="bbox 88 4069 473 4122; baseline -0.013 0"><span class='ocrx_word' id='word_1_304' title='bbox 88 4069 259 4122; x_wconf 83' lang='lat' dir='ltr'><strong>Contrarium</strong></span> <span class='ocrx_word' id='word_1_305' title='bbox 277 4069 361 4120; x_wconf 90' lang='lat' dir='ltr'><strong>voluit</strong></span> <span class='ocrx_word' id='word_1_306' title='bbox 379 4069 473 4118; x_wconf 89' lang='lat' dir='ltr'><strong>dicerc.</strong></span> 
     </span>
    </p>

    <p class='ocr_par' dir='ltr' id='par_1_6' title="bbox 87 4141 1205 4310">
     <span class='ocr_line' id='line_1_36' title="bbox 160 4141 1205 4246; baseline -0.014 -38"><span class='ocrx_word' id='word_1_307' title='bbox 160 4155 206 4220; x_wconf 78' lang='lat' dir='ltr'><strong>ld)</strong></span> <span class='ocrx_word' id='word_1_308' title='bbox 233 4153 410 4220; x_wconf 80' lang='lat' dir='ltr'><strong>Gocttlingius</strong></span> <span class='ocrx_word' id='word_1_309' title='bbox 432 4154 464 4205; x_wconf 89' lang='lat' dir='ltr'><strong>de</strong></span> <span class='ocrx_word' id='word_1_310' title='bbox 486 4152 597 4246; x_wconf 64' lang='lat' dir='ltr'><strong>Accent.⁸</strong></span> <span class='ocrx_word' id='word_1_311' title='bbox 618 4167 643 4219; x_wconf 87' lang='lat' dir='ltr'><strong>p.</strong></span> <span class='ocrx_word' id='word_1_312' title='bbox 667 4150 726 4205; x_wconf 80' lang='grc'>103.</span> <span class='ocrx_word' id='word_1_313' title='bbox 752 4149 813 4220; x_wconf 72' lang='grc' dir='ltr'><strong><em>οἴμοι</em></strong></span> <span class='ocrx_word' id='word_1_314' title='bbox 837 4147 896 4199; x_wconf 89' lang='lat' dir='ltr'><strong>olim</strong></span> <span class='ocrx_word' id='word_1_315' title='bbox 920 4145 1100 4214; x_wconf 85' lang='lat' dir='ltr'><strong>imperativum</strong></span> <span class='ocrx_word' id='word_1_316' title='bbox 1124 4141 1205 4194; x_wconf 72' lang='lat' dir='ltr'><strong>turm</strong></span> 
     </span>
     <span class='ocr_line' id='line_1_37' title="bbox 87 4242 278 4310; baseline -0.01 -16"><span class='ocrx_word' id='word_1_317' title='bbox 87 4242 187 4294; x_wconf 85' lang='lat' dir='ltr'><strong>statuit</strong></span> <span class='ocrx_word' id='word_1_318' title='bbox 204 4243 278 4310; x_wconf 76' lang='grc' dir='ltr'><strong><em>σίγα.</em></strong></span> 
     </span>
    </p>
   </div>
   <div class='ocr_carea' id='block_1_6' title="bbox 922 4320 995 4386">
    <p class='ocr_par' dir='ltr' id='par_1_7' title="bbox 922 4320 995 4386">
     <span class='ocr_line' id='line_1_38' title="bbox 922 4320 995 4386; baseline 0 0"><span class='ocrx_word' id='word_1_319' title='bbox 922 4320 995 4386; x_wconf 76' lang='lat'><strong>11*</strong></span> 
     </span>
    </p>
   </div>
   <div class='ocr_carea' id='block_1_7' title="bbox 0 0 1475 4886">
    <p class='ocr_par' dir='ltr' id='par_1_8' title="bbox 0 0 1475 4886">
     <span class='ocr_line' id='line_1_39' title="bbox 0 0 1475 4886; baseline 0 0"><span class='ocrx_word' id='word_1_320' title='bbox 0 0 1475 4886; x_wconf 95' lang='lat' dir='ltr'><strong> </strong></span> 
     </span>
    </p>
   </div>
  </div>
 </body>
</html>
