2944 4888
335 355 391 420 nu
420 351 616 438 nature.
644 349 844 422 sunnon.
873 357 904 440 b·
928 355 962 426 ο.
1158 357 1207 428 se

120 534 202 604 ro'dl
221 526 394 623 Εὐβοεύς,
419 528 534 619 ἐπειδή
556 531 618 599 οὐκ
639 535 705 623 ἔχει
725 531 764 600 cd
784 519 816 612 ἶ,
839 533 971 622 ἐγένετο
993 519 1103 610 eicie.
1145 535 1207 602 Nc·

58 700 60 713 ,
119 661 166 724 pue
189 659 257 702 raro
285 638 389 702 cadem
412 635 527 702 vocalis
552 647 620 720 post
642 636 854 722 diphthongum
874 623 914 704 ἶι
934 640 1105 722 reperitur3
1138 643 1206 704 nain

118 764 169 805 nou
188 742 281 804 solum
296 733 446 828 Ἀχοιιάς
467 739 519 802 sed
540 738 628 802 etiem
645 732 771 827 Ἀχοιῖς
789 738 909 816 dicitur,
932 752 968 804 ut
982 738 1149 826 Βριοαιίς,
1172 763 1205 806 v.

117 843 233 908 bneokh.
258 843 294 905 ad
318 841 407 925 Corp.
429 839 524 904 lusor.
547 839 586 902 N.
606 837 702 905 2042.
726 839 892 927 Κρητοιίς
913 842 1013 907 Anall.
1038 842 1076 906 ll.
1100 865 1129 928 p.
1150 842 1203 908 59.

117 967 162 1032 pro
181 967 235 1029 qno
254 943 421 1028 Stephanus
438 933 612 1028 Kprpuptlir
632 943 739 1020 adom
768 942 914 1018 Konon'r
936 966 1031 1030 nuper
1048 945 1207 1030 Apollonio

118 1048 291 1132 eplerisque
318 1045 403 1108 libris
428 1045 574 1108 redditum
599 1055 664 1120 est,
697 1045 868 1136 Hermanno
895 1047 991 1132 magis
1011 1050 1055 1112 ad
1077 1050 1209 1134 Kocp'le

116 1151 305 1238 propendente
329 1145 419 1232 Orph.
442 1146 517 1230 Arg.
540 1145 616 1211 824.
648 1146 704 1210 elsi
732 1147 809 1214 idern
833 1149 1015 1233 Euphorioni
1037 1144 1209 1224 Κυτοιιάς

117 1252 218 1326 tribuit,
242 1249 369 1334 quodsi
390 1249 428 1312 ad
449 1259 585 1312 nostrum
605 1249 766 1313 referimus
788 1271 921 1326 sensum,
944 1253 1038 1336 magis
1057 1253 1209 1318 blanditur

116 1345 258 1440 Κοτηϊοὶς
286 1363 323 1416 ut
346 1341 492 1438 γαιηϊοῖς.
536 1351 593 1414 Sed
620 1361 742 1416 veteres
771 1353 850 1436 ipsos
878 1353 937 1418 elio
967 1363 1100 1438 tempore
1128 1353 1209 1420 alind
1336 1415 1341 1426 ,

116 1459 243 1541 probasse
265 1454 327 1518 nisi
348 1473 399 1518 res
420 1454 485 1537 ipse
510 1473 566 1518 nos
591 1454 730 1531 doceret,
764 1465 864 1518 tamen
885 1477 962 1540 vaga
989 1467 1078 1540 atquo
1104 1456 1209 1520 incon·

116 1569 187 1623 stans
215 1557 380 1622 multorum
412 1556 625 1620 vocabulorum
657 1555 804 1640 scriptura
837 1559 1024 1643 perspicuum
1056 1557 1206 1622 redderet.

114 1659 275 1725 booethius
298 1681 329 1742 p.
352 1652 435 1734 936,
456 1655 511 1722 45.
537 1663 570 1724 ol
590 1657 731 1726 παλαιοί
736 1710 748 1740 ,
777 1661 891 1746 inquit,
925 1652 1062 1747 princpes
1082 1654 1208 1747 Ἀχαιι·

116 1755 166 1830 οόο
184 1785 266 1850 φασι
287 1760 361 1827 δεῖν
382 1756 537 1848 γράφειν,
560 1757 604 1834 οἷς
625 1761 681 1827 καὶ
702 1759 878 1850 perorando
900 1765 956 1831 uel
978 1753 1208 1839 damnobsin

115 1887 162 1950 quo
182 1875 293 1950 quanta
315 1864 354 1927 sit
375 1863 509 1927 codicum
527 1863 659 1928 varietas
677 1863 748 1928 olim
771 1867 899 1952 exposui
917 1867 955 1930 ad
973 1865 1087 1952 Pbryn.
1106 1887 1136 1949 p.
1152 1861 1206 1928 39.
1250 1879 1256 1892 ·

114 1968 318 2052 dupliciterque
343 1975 426 2029 erret
446 1964 606 2050 Elmslejus
626 1967 673 2042 ed,
687 1966 806 2031 Hereul.
830 1991 862 2033 r.
886 1967 940 2034 84.
971 1977 1002 2034 et
1026 1968 1102 2053 quod
1124 1964 1210 2030 lerni-

117 2070 178 2133 nina
195 2071 227 2134 in
249 2055 473 2142 &desinentia
493 2068 615 2132 brevem
637 2069 772 2134 vocalem
797 2081 868 2136 onte
891 2070 1132 2136 terminationem
1157 2067 1210 2132 ha·

114 2173 174 2236 bere
198 2181 310 2257 neget,
340 2170 448 2234 oblitus
470 2180 590 2254 praeter
610 2171 669 2235 alia
696 2173 789 2238 multe
815 2173 962 2239 notissimi
985 2173 1115 2236 nominis
1137 2173 1210 2238 Ae·

114 2279 193 2355 οαΐς,
221 2285 254 2338 ct
277 2274 356 2358 qnod
376 2273 493 2338 Atticos
516 2273 744 2359 diphthongum,
776 2277 860 2360 eujus
885 2275 1074 2361 subjunctive
1094 2273 1209 2339 vocalis

115 2376 149 2439 sit
162 2364 196 2456 ἶ,
217 2376 311 2440 elteri
332 2376 394 2439 iota
416 2395 566 2460 nunquam
587 2376 779 2460 praemittere
801 2379 909 2455 edicit,
934 2399 1058 2462 eamque
1081 2378 1117 2442 cb
1137 2395 1210 2440 ceu·

116 2497 168 2541 sam
186 2500 237 2563 pro
258 2473 409 2565 Εὐβοιῖς
430 2477 595 2541 inauditum
618 2475 753 2566 Eripiente
780 2481 943 2544 introducit
970 2480 1077 2544 merite
1105 2477 1210 2560 expio·

114 2601 170 2644 aum
195 2583 230 2646 ab
256 2580 411 2644 Ellendtio
437 2581 471 2644 in
498 2579 575 2644 Lex.
604 2580 742 2664 Sophocl.
787 2582 844 2645 Sed
872 2582 945 2646 haec
968 2583 1031 2666 jem
1058 2581 1095 2642 ad
1121 2579 1209 2643 aliam
1250 2651 1252 2658 Α

114 2685 310 2766 quaestionem
338 2682 491 2767 pertinent
519 2683 555 2744 de
585 2683 733 2746 vocalium
765 2685 950 2748 diversarum
981 2682 1208 2766 compositione,
1281 2753 1285 2760 .

114 2806 178 2868 qnae
197 2787 262 2872 ipsa
287 2793 656 2872 nonnunquamveterum
680 2798 890 2852 nauseatorum
912 2787 1031 2852 fastidia
1050 2784 1158 2850 movit.
1251 2867 1273 2880 a

613 2961 642 3044 ἓ.
665 2959 697 3028 6.

187 3099 322 3164 Primum
343 3099 452 3162 docent
475 3096 648 3173 Homerum,
673 3099 729 3186 etsi
742 3093 907 3186 Ἐρέβευς
929 3097 1044 3162 diceret
1066 3108 1099 3161 et
1119 3087 1209 3182 drip-

87 3253 90 3262 .
117 3221 191 3283 οοος,
210 3213 314 3266 tamen
344 3199 517 3286 repudiasse
549 3200 656 3274 doleno
684 3213 714 3267 et
743 3199 871 3275 οκείεος
892 3195 947 3267 dcci
968 3197 1032 3285 τήν
1053 3221 1212 3284 κακοφω-

116 3301 185 3370 οἰοο
197 3307 258 3391 τῆς
275 3301 477 3389 ἐπολληλίας
490 3289 602 3370 code*
613 3303 713 3368 Schol.
728 3305 806 3369 Ven.
815 3303 886 3366 XV.
896 3303 929 3366 4.
944 3303 1057 3366 Aneod.
1070 3324 1099 3386 p.
1112 3299 1208 3366 1299.

116 3415 193 3489 atquc
219 3411 256 3471 ob
286 3407 411 3470 eandem
441 3406 588 3470 radonem
618 3406 751 3471 Philemo
779 3408 807 3490 §.
826 3405 899 3471 195.
930 3405 1078 3490 legitimas
1099 3405 1211 3468 formas

118 3504 201 3582 dicor,
221 3519 253 3574 et
273 3507 401 3582 ὀπὲεος
428 3529 445 3571 a
474 3519 562 3592 poeta
586 3510 715 3593 rejectas
738 3529 805 3574 esee
822 3509 955 3594 judicet,
994 3508 1069 3591 quod
1093 3505 1211 3572 difficile

120 3620 159 3673 est
176 3612 330 3688 refellere,
359 3611 500 3699 quoniam
521 3611 673 3675 nominum
702 3612 786 3699 ῥέος,
815 3611 922 3686 κλέος,
950 3609 1054 3699 χρέος,
1084 3605 1211 3692 genitivi

119 3710 255 3801 trisyllabi
276 3717 327 3797 (ut
348 3713 477 3799 piltone)
501 3713 554 3777 vix
575 3713 778 3798 reperiuntur.
824 3714 882 3778 Sed
904 3734 978 3798 quae
999 3708 1160 3791 inder'epc
1181 3718 1213 3772 et
1273 3793 1275 3800 Α

121 3812 243 3890 σπείους
271 3827 456 3879 concurrunt
476 3816 609 3893 vocales,
640 3817 758 3880 easdem
789 3815 945 3880 continent
965 3823 1086 3898 praeter
1107 3804 1212 3884 notorie

122 3917 229 3980 uomina
258 3917 366 3982 localia
394 3938 412 3981 a
434 3918 592 4001 primitivis
620 3919 654 3982 in
680 3904 737 3984 'am
758 3929 789 3981 et
810 3903 882 3984 ,ει-οὖ
909 3916 1111 3980 desinentibus
1133 3911 1212 3976 deri-
1248 3952 1250 3961 ·

122 4026 192 4093 rata,
212 4014 406 4102 Ῥοιοειεύς,
435 4013 624 4112 Ἐρικειεύς,
654 4010 855 4108 Σερῥιειεύς,
881 4009 1089 4106 Λαοερειεύς,
1107 4014 1213 4100 Λαμ-

120 4119 281 4198 consede,
312 4147 478 4211 quanquam
498 4126 532 4190 in
552 4127 609 4194 boe
630 4143 746 4209 quoque
768 4143 892 4206 genere,
921 4123 948 4188 si
973 4117 1124 4186 commode
1145 4113 1212 4179 beri

124 4222 223 4300 putot,
250 4225 323 4292 baec
353 4229 492 4313 epallclin
520 4229 628 4296 evitari
649 4227 739 4304 solet,
769 4225 981 4292 terminatione
1001 4246 1058 4297 cor
1078 4220 1211 4307 syllabae
