2926 4886
232 317 308 396 hed
358 403 360 408 ,
589 317 905 392 111881111111110
934 323 997 393 lll.
1055 329 1058 336 '

237 494 433 594 Πολόνηος,
451 497 651 590 Κλυτόνηος
668 515 699 568 et
716 501 926 590 appellativum
942 501 1112 595 α’νρόνηον
1127 508 1167 577 τό
1182 509 1244 597 τῆς
1261 511 1347 589 ναός

232 605 342 699 υίυρον
362 611 444 672 Suid.
466 607 594 692 siuiplex
611 618 710 670 autem
727 618 775 670 est
792 603 888 692 νηϊος
905 621 939 674 ut
955 603 1071 697 ypp't‘oc
1086 613 1187 699 Etym.
1205 615 1248 678 hl.
1265 614 1343 693 603,

233 713 290 783 20.
315 715 451 778 Cramer.
468 710 582 772 Anecd.
604 708 641 771 ll.
662 707 737 774 286.
762 709 785 772 l.
805 709 881 775 295.
907 713 984 776 uude
1005 727 1101 781 νεῖον
1121 713 1161 781 τό
1180 717 1242 802 τῆς
1262 715 1345 804 νηός

234 811 485 905 πυθμένοαόὲς
508 805 611 888 Δξύλον
638 811 676 874 Il.
702 811 781 888 121,
807 810 858 876 18.
889 816 1078 900 ejusdemque
1106 819 1221 882 vocalis
1248 819 1344 884 iuter·

233 932 328 988 ventu
353 919 508 1002 linguntur
532 915 718 978 substantiva
743 913 921 995 όεκαναία,
949 925 1149 995 memoraie,
1179 929 1255 984 ura
1276 945 1343 988 αο-

146 1051 157 1070 .
233 1015 357 1095 λύλαος
381 1019 566 1096 πολυλαία,
599 1032 763 1100 quanquam
789 1019 935 1103 adjectiva
961 1021 1034 1085 haec
1060 1043 1121 1086 nou
1147 1023 1343 1107 reperiuntur

233 1149 270 1192 ac
291 1127 419 1188 fortasse
440 1135 479 1183 ne
502 1130 671 1202 praesumta
693 1119 810 1203 quidem
830 1131 914 1194 sunt,
938 1123 1050 1188 duobus
1068 1107 1240 1189 'nominihus
1262 1125 1343 1192 δέκα

233 1228 331 1315 νῆες,
352 1219 459 1297 mellic
480 1216 576 1301 λαός,
598 1220 630 1283 iu
653 1243 744 1284 uuum
767 1222 1002 1290 coalescentibus
1025 1237 1059 1290 nt
1078 1225 1270 1314 νουμηνία,
1294 1232 1343 1295 lo-

235 1326 401 1420 ρομηνία,
422 1321 652 1411 τετρακωμία,
674 1323 942 1414 ποντοόραχμία,
960 1331 1172 1413 pentoprotia.
1209 1331 1262 1394 His
1278 1351 1341 1395 ex-

234 1433 338 1520 positis
360 1431 418 1492 duo
439 1427 476 1491 ad
498 1427 719 1490 deliberandum
740 1437 857 1491 restant
876 1427 1020 1516 Aeschyli
1041 1432 1185 1496 vocabula
1207 1433 1340 1498 maxime

232 1522 435 1625 αἰοχυληροί,
471 1529 586 1602 ἑλένας
615 1539 647 1594 et
675 1523 794 1602 οίναυς.
843 1530 902 1594 Pro
929 1531 983 1595 illo
1011 1532 1171 1618 ElmsleJns
1201 1534 1340 1609 ἑλέναυς

232 1638 322 1706 scribi
340 1637 443 1721 jubet,
475 1633 551 1716 quod
573 1631 701 1716 primum
722 1633 926 1696 necessarium
952 1655 1013 1697 non
1039 1646 1102 1712 est,
1133 1636 1202 1718 quia
1223 1637 1339 1712 ἑλένας

229 1749 263 1807 et
283 1762 302 1804 a
323 1737 425 1800 dorico
445 1733 526 1814 νας,
549 1737 633 1819 cnjus
655 1735 789 1818 obliquos
811 1735 930 1820 Tragici
951 1748 1115 1821 usurpant,
1142 1739 1338 1822 compositum

229 1856 324 1910 etex
346 1838 481 1910 ἔλέναυς
502 1848 688 1901 contractum
709 1837 805 1901 videri
826 1847 924 1921 potest
950 1850 985 1902 ut
1005 1836 1162 1929 α’ρχέλας,
1184 1838 1339 1926 Στρατό-

227 1949 306 2024 λας,
326 1938 522 2028 Ἀγησίλας·
557 1941 633 2023 quod
655 1940 681 2003 si
703 1959 790 2003 secus
812 1951 911 2016 esset,
945 1951 1045 2004 tamen
1068 1944 1212 2026 ejusmodi
1236 1941 1335 2008 lusum

229 2044 461 2134 etymologicum
493 2042 529 2105 ad
560 2042 800 2126 perpendiculum
832 2042 897 2127 quis
931 2043 1056 2128 exigat?
1100 2044 1215 2109 Deinde
1246 2057 1335 2111 vetus

228 2151 377 2235 scriptura
395 2143 516 2211 έλέναν
539 2144 594 2206 hoc
610 2145 830 2228 praestabilior,
854 2167 911 2229 quo
933 2147 969 2209 ad
991 2167 1097 2210 sunum
1117 2148 1228 2231 proprii
1245 2145 1334 2215 Ἑλέ-

227 2275 295 2321 ναν
321 2249 436 2314 accedit
463 2247 596 2335 propius.
640 2241 776 2330 Ὲλονᾴς
802 2257 920 2323 autem,
951 2247 980 2310 id
1007 2259 1055 2311 est
1080 2250 1225 2328 ἑλεναίς,
1256 2252 1335 2334 quod

229 2352 475 2419 Schneidewinus
502 2351 539 2413 ad
561 2348 641 2435 ibyc.
666 2371 695 2433 p.
722 2347 794 2413 146.
822 2371 903 2435 prae
928 2349 1075 2413 νοσοόαίο
1100 2351 1195 2416 ne'ltih’
1218 2353 1335 2428 ἑλένας

185 2447 186 2452 ¹
226 2455 429 2530 commendat,
457 2451 674 2518 Grammaticae
696 2453 873 2516 adversatur
894 2453 1125 2529 elementariae,
1152 2473 1228 2536 quac
1250 2457 1332 2541 Νη-

225 2560 303 2651 ρῇς,
325 2553 412 2645 η’ρῷς
434 2567 465 2619 et
486 2555 625 2619 similiter
647 2555 716 2618 licta
736 2555 853 2640 relegat
874 2555 960 2618 aalma
981 2553 1196 2619 Sacrocmtas.
1237 2556 1333 2644 Nym-

223 2664 330 2749 pham,
369 2679 444 2743 quae
472 2677 491 2720 a
516 2655 676 2720 Parthenio
706 2677 734 2720 c.
762 2655 816 2722 29.
845 2651 995 2746 Ἐχεναΐς
1022 2668 1167 2732 vocatur,
1208 2657 1333 2724 hrevius

204 2762 338 2854 ‘decp
356 2761 413 2824 dici
430 2779 529 2844 posse,
549 2758 721 2821 Buttmanni
737 2759 837 2842 opinio
854 2760 912 2823 fuit
929 2760 961 2826 in
977 2759 1185 2823 Friedemauui
1197 2759 1330 2826 Miscell.

224 2867 263 2930 Il.
289 2864 320 2926 1.
344 2885 374 2947 p.
397 2861 452 2926 41.
475 2861 562 2944 idque
585 2881 694 2924 nomen
716 2860 875 2942 Theocrito
897 2863 1014 2948 affingit
1034 2861 1100 2925 Vll.
1125 2857 1177 2924 73.
1209 2873 1331 2930 etcum

221 2965 358 3051 Ἑλένη,
381 2958 528 3048 Κατοίνη
553 2973 712 3046 comparat.
760 2962 872 3028 Verum
899 2965 979 3028 enim
1006 2985 1081 3029 vero
1100 2958 1216 3050 Ἑλένη
1243 2966 1332 3030 1οωί-

223 3071 296 3134 uina
325 3078 372 3132 est
394 3064 501 3150 positio
528 3064 590 3130 τοῦ
605 3060 761 3147 Ἕλενος,
790 3075 825 3128 ut
845 3060 998 3146 Δαναός,
1026 3062 1161 3152 Δανόη,
1192 3060 1330 3149 ιόλενος,

224 3170 347 3256 οίλένη,
369 3170 504 3256 ἔβενος,
524 3165 636 3254 ἐβένη,
659 3188 756 3252 neque
774 3167 881 3232 Catina
902 3170 938 3232 ah
957 3190 993 3232 eo
1014 3169 1105 3247 dicta,
1129 3170 1205 3254 quod
1225 3172 1329 3234 condi·

223 3285 272 3339 tor
297 3271 380 3360 ejus,
411 3280 446 3334 ut
467 3268 631 3354 Stephanus
656 3269 715 3346 ait,
746 3267 832 3337 κατέ
856 3269 924 3337 νόν
947 3274 1086 3347 venerit,
1118 3272 1172 3336 sed
1198 3272 1330 3357 simplex

110 3421 113 3428 ⁴
221 3386 269 3443 est
289 3387 322 3439 ut
344 3370 363 3440 ό
382 3366 530 3446 νοίσανος
551 3377 673 3435 eamcam
693 3371 744 3436 vel
764 3369 788 3458 η’
806 3365 937 3460 κατοίνη
957 3375 1131 3459 scalprmum,
1155 3395 1212 3438 nec
1233 3393 1330 3458 pauca

221 3480 324 3565 oppida
349 3477 385 3540 ah
407 3475 615 3540 instrumentis
639 3475 828 3538 denominata
854 3486 926 3540 sunt
948 3477 1137 3541 domesticis:
1166 3469 1329 3562 Ἄρυστις

218 3572 366 3670 πρόχους
396 3578 454 3644 ναί
479 3575 576 3651 πόλις
602 3573 729 3644 Ἰοίνων
756 3577 867 3642 Athen.
890 3577 948 3641 XI.
977 3576 1051 3642 784.
1074 3579 1113 3642 Α.
1143 3579 1186 3662 (p.
1212 3577 1327 3664 1041.)

201 3681 373 3770 ’Ζόηκλη
394 3676 552 3768 Κονόλη,
574 3679 794 3770 Μαχαιροῦς,
823 3672 980 3771 Τρόποζα
1002 3691 1061 3747 etc.
1106 3681 1150 3744 De
1171 3681 1328 3746 Theocriti

218 3805 311 3851 versu
334 3777 408 3870 ᾆσεῖ
428 3779 462 3849 d'
482 3779 526 3857 ὥς
546 3807 636 3850 ποκα
658 3781 718 3872 τοὶς
740 3782 851 3861 ξενίας
872 3779 1043 3871 ἠράσσατο
1063 3773 1195 3868 Δοίφνις
1217 3780 1328 3872 όβοί-

217 3910 294 3969 σας,
316 3887 505 3952 Hermannus
527 3886 559 3948 in
582 3885 689 3969 Opusc.
713 3885 749 3949 T.
768 3885 807 3949 V.
831 3883 885 3949 81.
909 3885 952 3949 ita
968 3885 1100 3971 judicat,
1126 3885 1231 3950 irritos
1254 3907 1325 3953 esse

218 4010 322 4054 omues
336 3989 465 4054 nominis
479 3987 589 4074 proprii
601 3987 779 4054 restituendi
795 3998 919 4052 conatus
934 4007 969 4051 ac
980 3988 1083 4074 'potius
1097 3987 1159 4064 acic
1175 3986 1286 4068 ξείνας
1295 3989 1327 4076 ⁹)

218 4133 427 4154 uqa—unauna·-

285 4219 358 4287 t)1n
376 4219 412 4286 ld,
429 4218 460 4272 11.
479 4222 537 4274 tlt.
557 4215 578 4276 όί
593 4241 622 4278 cc
641 4217 769 4278 Φιλίστα
784 4216 879 4290 pacione
896 4215 943 4277 mis
959 4239 988 4291 ys
1004 4219 1074 4291 spir
1090 4214 1266 4292 αόίνητρίόον,
1286 4222 1326 4276 iu·
