2926 4886
263 320 334 387 Md
625 317 939 386 ntssuttnntuo
961 317 1027 385 Ill.

265 501 374 580 etc.¹⁰)
410 497 572 583 Praecipue
587 517 662 563 vero
683 499 741 562 dno
763 499 885 562 nomino
898 493 1019 588 ῥιίγχος
1041 508 1073 562 ct
1086 497 1194 588 χεῖλος
1212 500 1268 566 buc
1284 503 1363 570 incli-

266 611 358 664 nant:
381 595 582 690 βοίρνγχος,
598 595 815 690 κακόρνγχος,
831 597 1110 690 κλαδαρόρνγχος,
1130 598 1365 695 μακρόρογχος,

264 695 454 792 ὀξύρυγχος,
477 697 721 791 πλααίραγχος,
745 701 1012 794 φοινικόρογχος,
1033 699 1240 794 βαριίχειλος,
1256 701 1365 798 ἰσόχει-
1450 684 1452 711 ¹

262 808 320 880 λος
332 805 444 890 Gecpp.
463 804 534 868 Xll.
557 803 609 879 19,
634 803 667 868 4.
695 799 919 895 χεροίςχειλος,
945 801 1143 895 λαγνίχειλος
1163 806 1269 872 Galen.
1290 808 1363 874 Inte.

263 910 313 974 tlt.
324 907 399 974 681.
412 908 448 970 Τ.
458 905 543 970 XIV.
567 899 800 997 οκολιόχειλος,
818 908 1020 999 φοξίχειλος,
1040 909 1110 972 etin
1128 909 1312 974 ocdd.Arist.
1328 911 1363 974 H.
1451 932 1455 998 ζ

142 1035 143 1038 ’
262 1009 449 1087 A.1V.4,3.
473 1003 669 1100 λεπτόχειλα
687 1023 718 1075 et
738 1005 934 1102 παχείχειλα,
957 1010 1202 1095 homericumque
1226 1004 1368 1102 ἐννεοίχι·
1453 1011 1455 1086 J

261 1117 315 1182 λοι
335 1111 473 1178 nonnulli
494 1111 685 1196 interpretati
707 1125 778 1177 sunt
799 1114 1027 1204 ἐννεαχειλεῖς.
1074 1115 1133 1178 Sed
1155 1135 1249 1178 unum
1267 1135 1307 1177 ex
1324 1115 1367 1178 bis
1452 1114 1453 1127 ¹

263 1218 410 1281 Homerus
438 1215 476 1277 ed
509 1214 633 1299 primam
662 1215 786 1280 deflexit
813 1217 1043 1280 declinationem
1070 1215 1187 1280 Auecd.
1220 1237 1250 1300 p.
1275 1215 1366 1281 1190.

262 1315 306 1392 είς
328 1313 422 1402 παροί
446 1314 485 1383 cd
509 1321 603 1406 ῥῖγος
628 1314 758 1405 γίνεται
787 1312 938 1406 δίςριγος
970 1318 1028 1386 καί
1055 1316 1150 1406 παροί
1179 1316 1219 1383 νδ
1241 1309 1370 1405 θοίρσος

260 1419 460 1508 Ἀλιθέρσης
483 1419 540 1486 καί
561 1417 654 1506 νεαροὶ
676 1417 714 1484 τό
736 1418 831 1506 ξίφος
857 1416 995 1508 οίξιφος,
1018 1417 1108 1487 οὕτω
1139 1419 1200 1487 καί
1220 1416 1313 1506 tropei
1334 1417 1371 1486 κδ

195 1521 198 1532 ’
260 1515 369 1614 χεῖλος
394 1519 626 1612 οἷγκνλίχειλος
648 1519 821 1589 σύνθετον
841 1524 897 1590 καί
919 1519 1041 1590 λοιπὸν
1059 1517 1134 1590 dod
1156 1513 1285 1588 τούτου
1306 1547 1372 1588 πα-

261 1619 479 1716 ραούνθενον
502 1621 755 1714 οἷγκνλοχείλης,
784 1620 1044 1716 οίγκνλοχείλον,
1067 1627 1149 1709 quod
1171 1624 1224 1710 qui
1252 1615 1372 1713 ςχηλή

261 1731 457 1815 compositum
489 1737 606 1813 putent,
636 1727 896 1810 reprehenduntur
924 1730 960 1792 eb
982 1729 1083 1815 Etym.
1114 1729 1161 1793 M.
1191 1747 1225 1811 p.
1259 1725 1318 1802 11,
1340 1725 1381 1790 3.·
1454 1763 1458 1860 p

260 1833 387 1896 Brevius
416 1828 516 1893 Schol.
546 1827 583 1914 11..
613 1828 699 1892 XVI.
729 1828 806 1896 428.
837 1827 1072 1920 ἀγκυλοχεῖλαι
1100 1820 1374 1916 παρασςίνθετον
1456 1899 1457 1902 ¹

261 1940 297 2002 ἐκ
316 1933 379 2000 τοῦ
396 1924 629 2020 οίγκαλόχειλος
651 1927 675 2016 ἢ
698 1929 741 2006 ὦς
764 1930 803 1999 αδ
827 1926 996 2000 δεδόκεκαι
1013 1931 1107 2020 παραὶ
1127 1929 1311 2020 Κρατίνῳ,
1332 1930 1377 1994 vi·
1455 1909 1458 1990 J

261 2038 338 2101 tiose
360 2035 503 2118 scriptum
525 2055 578 2117 pro
601 2032 790 2102 δωδεκὲααι.
836 2035 1063 2100 Cbocroboscus
1084 2035 1204 2101 Anccd.
1231 2055 1262 2119 p.
1281 2031 1372 2097 1375.

260 2142 290 2208 b.
317 2133 463 2205 Ἀττικοί
483 2135 684 2204 δωδεκαὲται
709 2139 845 2226 λέγουσι
868 2140 908 2202 cl.
931 2137 1009 2201 Adn.
1033 2138 1070 2200 nd
1092 2135 1219 2224 Pbryn.
1245 2159 1277 2221 p.
1301 2133 1374 2200 408.
1457 2141 1459 2206 ἶ

260 2242 342 2326 Ergo
364 2251 399 2303 ut
418 2239 455 2302 eb
476 2241 549 2312 ἔτος
571 2237 752 2326 δωδεκετής
777 2242 896 2305 ducitur
916 2251 948 2306 et
969 2238 1173 2324 δωδεκέτης,
1197 2238 1378 2302 similitere
1458 2281 1459 2296 .

261 2345 369 2435 χεῖλος
391 2335 626 2432 οίγκαλοχειλής
643 2353 674 2406 ct
693 2338 940 2433 οἷγκνλοχείλης,
965 2353 1138 2426 quenquam·
1149 2341 1199 2405 illi
1218 2342 1307 2406 deest
1319 2343 1378 2404 ler-

260 2469 310 2512 me
331 2447 363 2510 iu
385 2469 442 2521 ος,
478 2446 562 2530 cujus
591 2433 889 2530 parescbemetismus
916 2445 1089 2530 perhibetur
1120 2441 1378 2534 οίγκνλοχείλης.

260 2549 329 2615 Non
350 2547 449 2611 miuus
470 2548 607 2612 variatur
633 2547 664 2610 in
692 2550 905 2633 compositione
934 2567 1044 2612 nomen
1068 2559 1198 2636 τεῖχος.
1248 2547 1381 2610 Primum

260 2650 437 2736 Apollonius
464 2649 500 2713 de
522 2649 611 2712 Pron.
645 2672 675 2734 p.
700 2649 753 2716 38.
783 2651 818 2716 C.
844 2653 879 2714 de
903 2651 991 2736 Syut.
1016 2649 1054 2712 ll.
1087 2647 1148 2712 31.
1173 2643 1313 2736 1³:187.
1335 2646 1385 2711 ubi

260 2743 470 2829 αίλλοδαπός,
498 2745 675 2836 η’χιεδανιός
700 2763 760 2816 etc.
790 2755 826 2817 ab
849 2752 974 2840 ἔδαφος
1004 2751 1210 2836 compositum
1242 2773 1313 2817 esse
1335 2752 1383 2814 de·

262 2855 378 2931 feudit,
408 2853 538 2938 quinque
565 2854 653 2940 hujus
680 2855 902 2920 terminationis
931 2854 1070 2940 exempla
1095 2853 1195 2920 affert
1217 2851 1384 2944 δίστεγος,

261 3038 473 3056 m
509 3039 519 3049 Ν

263 3158 339 3225 uopb.
361 3153 510 3210 Μέλανθος
529 3164 558 3208 et
575 3149 738 3228 Φοίλανθος,
760 3149 912 3228 Πίροινθος
931 3159 1004 3212 urbis
1023 3175 1112 3212 nomen
1132 3159 1232 3227 Stepb.
1260 3157 1387 3211 feminine

263 3241 401 3311 Βινιίνθη,
416 3237 535 3310 Ἰάνθη,
553 3242 691 3314 Λνκιίνθη
709 3247 804 3298 Arcud.
820 3239 931 3316 οἰοίνθη
958 3261 1066 3313 quorum
1084 3245 1204 3312 primum
1231 3262 1287 3297 uon
1306 3243 1388 3308 magis

264 3330 429 3397 compositum
442 3335 483 3380 est
497 3345 573 3396 quum
586 3326 737 3392 'Zducvdm
759 3324 932 3386 Ψαλοίκανθα
946 3331 1083 3398 Hepbncet.
1100 3331 1172 3383 Hist.
1192 3349 1219 3384 c.
1238 3331 1275 3383 V.
1293 3332 1387 3397 ipsum-

264 3432 313 3483 que
330 3409 442 3468 ι’ίκανθα
454 3416 510 3468 cive
522 3410 644 3471 ἄκανθος
659 3417 690 3467 ub
705 3411 754 3484 οἷκῆ
770 3415 932 3484 productum.
968 3416 1021 3470 Nec
1035 3419 1099 3468 satis
1113 3426 1226 3470 certum
1245 3418 1319 3485 quod
1333 3408 1391 3468 Sui-

264 3503 310 3552 das
323 3501 441 3562 affirmet,
460 3499 601 3571 φάλανθος
614 3487 770 3566 adjectivum
784 3504 816 3554 ab
824 3498 912 3558 ίίνθος
923 3499 941 3572 ἡ
951 3501 1027 3568 λευκή
1039 3501 1108 3572 θρίξ
1120 3505 1309 3571 compositum
1322 3516 1387 3554 esse·

182 3585 187 3592 ”
263 3583 406 3656 Κήρινθος
425 3585 564 3654 (cerinthe)
583 3601 639 3638 oum
660 3585 750 3653 κῆρος,
768 3587 912 3657 ἐρέβινθος
925 3587 1074 3658 (teporem,
1085 3589 1239 3656 γέρονθος)
1254 3605 1319 3641 eum
1330 3582 1393 3656 ίίρο-

263 3678 322 3741 βος,
340 3687 439 3731 ortuum,
456 3679 591 3736 cognatum
612 3673 727 3723 videtur.
759 3671 918 3727 Γαλινθιοίς
940 3675 966 3724 in
985 3670 1069 3744 γαλῆν
1087 3681 1198 3725 mutata
1216 3677 1326 3727 dicitur
1342 3673 1392 3726 An-

264 3757 347 3810 tonin.
365 3773 387 3808 c.
404 3756 448 3813 te.
466 3753 604 3827 μήρινθος
624 3765 651 3808 et
674 3761 820 3826 πείρινθος
838 3761 963 3826 producte
982 3752 1043 3811 suut
1063 3775 1079 3811 e
1098 3759 1304 3824 brevioribus,
1324 3759 1393 3828 τερέ-

264 3843 433 3908 βινθοςέἰνο
450 3844 600 3910 τίρμινθος
619 3842 730 3896 fortasse
748 3859 765 3895 a
783 3849 922 3912 τρέμιθος.
959 3845 1010 3898 Sed
1026 3841 1210 3911 αόοίμινθος,
1232 3849 1309 3915 quod
1324 3853 1393 3898 vete-

267 3943 310 3978 res
327 3928 472 3994 copulatum
488 3935 589 3994 putent,
609 3929 752 3996 αίγινθος,
771 3926 919 3992 οόἱκινθος,
937 3927 1093 3998 Κόρινθος,
1109 3922 1154 3986 Σοί
1155 3935 1277 3999 μινθος
1299 3933 1332 4002 (ι
1348 3924 1393 3986 οιί·

266 4011 347 4080 poet)
365 4008 563 4083 Προβοίλινθος
584 4021 633 4065 etc.
653 4017 721 4067 nude
737 4023 794 4068 ortu
808 4017 870 4076 siut,
893 4031 967 4067 nemo
984 4017 1154 4082 probabiliter
1169 4019 1299 4072 docebit.

335 4118 381 4182 20)
398 4110 581 4190 Μνριίςενγος
598 4118 724 4171 Matthiae
743 4119 777 4169 cd
797 4117 861 4170 Eur.
883 4117 936 4184 lpb.
960 4117 991 4170 Τ.
1007 4118 1066 4174 139.
1089 4120 1206 4174 verbum
1229 4124 1316 4177 nitttt
1340 4135 1399 4176 este

267 4205 436 4273 pronunciet3
454 4204 478 4255 εἰ
490 4212 599 4271 propter¹
606 4205 822 4270 terminationem,
840 4203 951 4258 sublitur.
