2914 4882
195 293 249 360 on
272 285 480 358 soosraur.
504 287 530 354 1.
553 285 710 356 nucum.
734 287 873 356 ronse.
900 288 979 358 ron.
1003 291 1033 377 ς.
1049 290 1101 358 ιο.
1153 291 1222 360 σοι
1334 269 1338 278 ’

106 468 395 551 Θεσσαλονίιιεια,
419 461 628 558 Σεβόστεια,
659 465 837 538 Κυλώνειοι
858 469 1018 558 (colonia),
1039 467 1223 560 Ἀπόμεια,

106 575 282 642 ioeiendum
303 574 436 650 videtur,
459 583 494 638 ut
514 573 551 636 de
573 572 621 637 his
642 593 758 656 quoque
779 573 890 658 aliquid
911 574 1095 658 adjioiamus.
1129 575 1174 639 De
1187 596 1222 640 re

107 679 175 764 ipsa
197 677 274 748 nihil
296 697 364 742 esse
386 684 485 760 potest
506 674 750 756 controversiae,
779 675 832 739 sed
854 677 1009 762 quaeritur
1035 687 1105 740 utra
1126 677 1223 741 forma

108 781 151 846 sit
172 779 337 865 antiquior.
381 777 414 842 ld
435 797 510 844 vero
538 777 641 842 neseio
670 799 710 842 an
739 799 837 862 neque
866 797 909 843 ex
936 787 1035 843 aetate
1067 789 1222 844 auctorum

109 904 211 968 neque
233 903 274 946 ex
293 879 438 975 ‘analogia
465 879 575 963 liquide
599 879 730 966 judieari
757 879 864 965 possit.
918 879 995 944 Nam
1024 874 1220 967 Εόρόπεια,

113 980 327 1071 Ψαμάθεια,
349 973 567 1070 Νεοβσόλεια
592 1003 624 1047 v.
655 981 770 1048 Liehel.
802 983 840 1046 ad
873 981 988 1048 Arohil.
1011 983 1121 1048 XLNI.
1147 983 1220 1050 126.

111 1081 290 1174 Σαόρφεια
318 1096 351 1150 et
377 1075 588 1158 Καλλιόπεια
617 1083 707 1170 longo
744 1095 812 1170 post
842 1079 1012 1172 Εὐρώπη,
1047 1079 1220 1174 Ψαγσοῖθη,

111 1183 296 1275 Καλλιόπη
318 1190 438 1270 ete.²⁰)
465 1186 627 1251 intervallo
655 1198 878 1270 proveneruut3
913 1186 1150 1277 Περσεφόνεια
1170 1212 1223 1254 eu·

111 1304 186 1372 tem,
202 1281 423 1378 Πηνελόπεια
436 1288 620 1373 antiquiores
643 1289 753 1354 hebent
774 1311 860 1374 quam
877 1283 1082 1378 Περσεφόνη
1104 1303 1135 1356 et
1149 1294 1224 1379 Πη·

111 1391 241 1482 νελόπη
260 1404 411 1460 auctores
457 1391 497 1457 Et
522 1401 555 1455 ut
575 1389 726 1456 Nicander
739 1387 861 1479 κόμαν
878 1395 1033 1478 usurpavit
1046 1417 1100 1480 pro
1117 1417 1223 1482 σκαμ-

110 1496 230 1588 μωνία
251 1498 387 1581 idemque
412 1491 562 1584 βραιόνη,
585 1496 662 1580 quod
684 1495 838 1560 elihinon
866 1497 978 1581 legitur
997 1498 1050 1562 sed
1072 1497 1120 1562 sni
1141 1499 1223 1562 simi-

112 1603 154 1668 lia
175 1601 266 1666 hebet
290 1595 464 1685 οἷνεγοόνη,
487 1590 678 1686 οἷργεμιόνη,
700 1619 753 1682 pro
774 1598 939 1688 βρνοινία,
962 1603 1004 1666 ita
1026 1601 1094 1665 huie
1116 1601 1223 1666 similis

112 1706 277 1772 verborum
299 1702 411 1767 artifex
432 1701 584 1786 Euphorio
606 1723 659 1785 pro
674 1694 812 1786 Μήδεια
832 1703 989 1778 invexisse
1010 1705 1130 1770 videtur
1143 1697 1223 1790 Μή-

113 1807 154 1894 όη
179 1829 212 1874 v.
239 1805 373 1871 Meinek.
399 1827 428 1890 p.
452 1802 506 1868 64.
531 1814 563 1868 et
584 1805 766 1889 posteriores
787 1804 934 1896 Κοθὲρη
956 1828 1009 1892 pro
1031 1805 1221 1895 Κυθέρεια.

113 1911 220 1995 Neque
241 1909 427 1994 Stephanos,
458 1908 526 1992 quid
548 1929 590 1972 ex
612 1929 670 1992 quo
700 1919 802 1972 ortum
831 1909 890 1988 sit,
919 1910 1083 1975 decernere
1112 1911 1220 1974 audet:

112 2003 327 2102 Ἁγόγσεια-
337 2011 468 2100 λέγεται
490 2010 546 2078 ιιαλ
562 2005 703 2098 Ἁγόμηλ
710 2009 753 2084 oie
767 2011 929 2099 πρέσβεια
942 2012 1074 2100 πρέσβη
1085 2012 1143 2079 uei
1156 2015 1223 2100 βα-

114 2115 224 2182 σίλεια
242 2113 327 2182 ιιατολ
350 2110 562 2200 συναλοιφήν
579 2113 705 2200 βασίλη
724 2114 781 2180 unt
799 2113 976 2202 Μαντόνη.
1021 2109 1174 2185 Δόναται
1187 2115 1223 2182 δὲ
1343 2150 1346 2159 =

114 2220 173 2287 eei
192 2215 232 2286 τό
252 2212 416 2306 Ἀγόγοεια
437 2221 472 2284 ἐκ
488 2216 552 2283 τοῦ
573 2211 705 2304 Ἀγόμη
730 2213 773 2291 ote
793 2211 1022 2303 Πηνελόπεια.
1066 2220 1124 2284 Sed
1140 2219 1223 2304 prius

116 2335 219 2413 tamen
240 2323 421 2407 praeieris.
449 2311 642 2388 Ψυττάλεια
664 2355 707 2370 ·-·—
725 2316 932 2405 ‘Heeodaoeuo'e
955 2312 1138 2406 Ψνττοῖλην
1161 2345 1223 2388 κα·
1328 2351 1332 2358 ·

116 2429 196 2495 λεῖ·’
211 2429 299 2492 dome
326 2423 362 2490 de
384 2421 423 2490 τό
450 2419 642 2491 Ψυττάλεια
672 2415 899 2509 πρωτόταπσν
926 2423 1019 2490 εἶναι
1050 2421 1095 2514 οἷς
1115 2419 1225 2493 ’Aued-
1345 2463 1354 2482 .

114 2555 212 2618 μοια,
234 2525 442 2606 Μαντίνεια,
464 2523 640 2614 Ἐρύθεια,
662 2527 862 2613 meroem),
895 2547 1020 2610 quorum
1041 2537 1225 2611 postremum

115 2635 195 2719 apud
217 2633 378 2696 Homerum
405 2631 537 2715 legitur,
570 2639 721 2715 postremo
753 2631 922 2715 proximum
951 2621 1027 2716 apud
1049 2633 1223 2714 Hesiodum,

115 2735 297 2822 Μαντινέη
324 2736 357 2798 in
384 2733 519 2818 catalogo
549 2735 682 2798 navium.
726 2732 812 2819 Apud
833 2735 953 2799 eosdem
974 2746 1077 2818 poetas
1098 2735 1224 2826 Ἑλίκη,

115 2842 171 2907 sed
199 2839 233 2903 in
257 2838 360 2923 ignoti
381 2835 595 2902 vausifloatoris
624 2836 755 2902 carmine
777 2837 853 2902 Phii.
879 2837 964 2918 Quod
977 2841 1085 2906 mund.
1107 2841 1223 2909 ineorr.

117 2967 148 3030 p.
172 2941 249 3008 963.
274 2941 311 3006 G.
332 2937 487 3009 Ὲλίαεια.
539 2939 644 3026 Neque
676 2950 776 3007 emen
803 2940 837 3004 in
863 2931 1043 3018 universum¹
1068 2945 1223 3031 quidquam
1280 2993 1284 3012 .

188 3238 234 3304 20)
258 3239 308 3292 Pro
325 3235 497 3296 Κασσιόπεια
519 3242 636 3310 Apollod.
655 3244 699 3296 111.
720 3245 750 3306 1,
774 3247 802 3302 2.
822 3245 938 3315 Heynius
955 3251 1123 3303 Κασσιέπεια
1144 3249 1224 3300 aorni-

118 3324 159 3390 git
176 3340 210 3375 ex
227 3327 284 3376 ood.
302 3326 382 3378 Dorv.
403 3327 520 3395 idemque
538 3329 655 3396 Scaliger
671 3326 786 3398 praefert
803 3333 836 3384 ad
853 3333 942 3386 Manil.
962 3333 982 3386 1.
1002 3334 1065 3387 354.
1084 3334 1117 3385 ei.
1137 3332 1222 3384 Reitz.

119 3411 154 3462 ad
171 3412 281 3464 Lnoian.
301 3414 332 3464 de
351 3414 416 3465 Solt.
436 3413 460 3482 ᾗ.
480 3417 523 3466 44.
542 3432 568 3482 p.
587 3417 647 3469 tes.
667 3415 699 3478 Τ,
717 3417 751 3470 V.
774 3418 849 3484 euius
867 3421 905 3471 rei
930 3420 1069 3472 arbitrium
1087 3435 1164 3486 panes
1183 3437 1223 3470 eo·
1268 3429 1270 3432 “

119 3499 190 3549 dieas
208 3505 274 3550 esto.
299 3497 473 3554 Καλλιόπιιει
490 3502 591 3568 quidem
609 3504 691 3554 solum
709 3505 851 3570 invonitur,
872 3521 920 3556 non
939 3513 970 3558 ut
986 3511 1159 3566 θεσπιέπιια,
1178 3507 1225 3557 sed

119 3585 226 3652 propria
242 3577 390 3653 Χαρόπειοι
406 3585 489 3640 Nonn.
507 3587 631 3640 xxxvi.
652 3583 722 3646 236.
737 3589 866 3662 (Χαρόπη
884 3592 920 3643 ih.
938 3592 1014 3658 au.)
1031 3595 1222 3658 Κυπρογένεια,

118 3674 318 3739 Honorinum,
345 3669 535 3744 Καλλιγένεια,
550 3679 755 3746 Πρωτογένεια,
772 3674 945 3748 Ἠριγένεια,
964 3679 1029 3730 nihil
1045 3677 1168 3728 differunt
1192 3679 1223 3730 ab

119 3757 268 3822 adjectivis.
1311 3767 1315 3778 '

190 3843 237 3908 21)
255 3843 322 3897 Idem
340 3837 495 3917 Αἶγοόνοιοι,
516 3835 651 3916 Ἅφότεισ,
671 3845 819 3914 Poeninum,
843 3851 994 3904 Κονσίθεια
1012 3859 1062 3901 ete.
1098 3849 1135 3902 De
1154 3853 1225 3920 Πίμ-

120 3927 178 3982 πλα
203 3936 231 3980 ot
247 3928 389 4001 Πόμπλειιο
408 3949 433 3985 ν.
454 3933 599 3986 Tzsoonok.
618 3937 651 3986 ad
669 3935 755 3986 strab.
776 3936 807 3988 Τ.
827 3936 871 3988 ΠΙ.
889 3939 949 3991 448.
968 3931 1080 4009 Σκόρφη
1095 3945 1122 3988 et
1135 3929 1223 4003 Σπόρ-

119 4033 185 4084 φειιι
205 4015 268 4070 ibid.
293 4033 319 4084 γ.
342 4021 400 4074 tta.
427 4019 582 4074 Goeondrius
605 4021 637 4073 do
660 4022 800 4090 Trop.'1H.
821 4023 879 4076 784.
900 4021 932 4074 Τ.
950 4019 1016 4074 VIN.
1040 4023 1223 4074 rnetasehama·

121 4103 227 4154 tisanam
245 4119 302 4156 esse
319 4105 358 4156 ait
371 4096 443 4160 iiras
457 4101 475 4176 ἡ
487 4099 631 4178 Πηνελόπη
642 4106 751 4180 λέγηται
761 4097 942 4179 Πηνελόπεια,
959 4103 976 4161 o‘
990 4099 1111 4180 Βριερὴε
1130 4107 1223 4178 (Bere

118 4180 195 4258 ροόε)
211 4186 359 4256 Βριάρεως-
909 4212 911 4222 ·
1003 4258 1005 4263 .

153 4275 262 4329 Ιιολοολ.
282 4278 403 4345 Paralia.
955 4295 995 4362 21
