2914 4882
257 319 330 413 aco
351 371 375 440 ·.
483 325 486 332 '
612 337 932 406 nussnrrsrro
959 329 999 407 v'.

257 525 313 589 IX.
335 521 410 588 100.
433 521 466 585 in
487 519 562 585 Edd.
587 529 663 584 vett.
687 529 719 584 ct
739 519 806 584 cod.
830 517 1012 584 Schellersh.
1036 520 1153 604 dequo
1176 533 1254 588 tacet
1273 523 1348 590 Gais-

256 627 379 701 fordns;
405 623 512 707 nuperi
528 633 627 686 antem
646 621 776 686 editores
793 614 979 709 υυμυοωμρΙ
997 623 1194 708 scripserunt,
1217 629 1348 710 quomodo

256 727 370 812 legitur
390 725 588 810 Long.·Past.
609 721 661 786 111.
681 719 736 788 28.
759 723 870 806 Agath.
891 724 968 788 Hist.
990 723 1042 788 ΙΙΙ.
1065 723 1121 804 21,
1142 723 1197 790 97.
1215 729 1253 792 Α.
1275 730 1349 812 quasi

257 829 298 894 sit
326 827 502 892 femininum
531 825 671 913 adjectivi
699 817 898 912 υυματωγός
926 829 974 908 (ut
1000 822 1177 913 νυυογός).
1221 827 1276 892 Sed
1301 829 1349 894 hoc

257 931 391 1017 quamvis
413 927 574 1020 conveniat
595 917 764 992 nominibus
785 930 1017 998 substantiarum
1039 924 1243 1014 ναπνοδόκη,
1263 927 1348 1016 δδρο·

255 1029 328 1122 ρόη,
346 1027 501 1120 δδροχίη,
520 1039 596 1114 puae
615 1034 648 1094 'et
666 1032 831 1096 masculine
849 1031 1036 1116 appellantur
1052 1027 1248 1117 δδροῤῥόος,
1265 1027 1349 1119 δδρο·

255 1128 350 1227 χίος,
379 1146 480 1197 tamen
502 1131 678 1196 vocabulum
701 1133 836 1208 actuale,
867 1153 924 1217 quo
949 1112 1101 1218 ίδμονος
1122 1131 1349 1222 οίγὴὀὶςοίδοο-

255 1251 323 1316 tur,
354 1238 391 1301 ab
411 1233 627 1320 adjectivorum
648 1244 757 1298 natura
771 1234 1058 1320 ,longius-discedit.
1104 1237 1247 1302 Ceterum
1270 1239 1349 1302 utris·

256 1361 314 1430 que
336 1357 493 1406 commune
515 1347 549 1402 ut
570 1335 669 1401 locum
690 1337 845 1402 denotent.

252 1697 256 1728 p
341 1649 453 1716 Verum
477 1645 530 1714 iile
556 1643 822 1736 Grammaticorum
848 1667 944 1714 canon
968 1669 1025 1714 nos
1048 1661 1236 1728 commonet,
1267 1661 1298 1715 nt
1319 1671 1348 1715 ea

256 1775 380 1841 qnoque·
398 1752 533 1817 breviter
557 1751 755 1836 attingamus,
790 1771 867 1834 quac
894 1771 960 1815 cum
987 1753 1174 1836 praeverbiis
1201 1753 1347 1838 composita

254 1859 320 1922 sive
342 1855 440 1940 potius
462 1875 480 1917 a
501 1853 602 1918 verbis
625 1853 793 1936 compositis
816 1853 949 1916 derivata
970 1864 1053 1918 sunt.
1086 1851 1202 1921 Horum
1223 1855 1347 1940 pleraque

253 1957 402 2043 adjectiva
423 1967 494 2020 sunt
515 1949 748 2042 οἷνοίοπροφος,
771 1947 964 2040 οίπότομος,
986 1951 1203 2042 α’μφίπολος,
1225 1952 1347 2023 cirrito-

253 2083 330 2148 νος,
362 2055 534 2139 οἷυτίξοος,
567 2053 763 2146 διάβροχος,
797 2059 952 2144 depictor,
984 2061 1143 2138 ἔντονος,
1176 2057 1362 2147 ἐπίοροχος,.

200 2167 203 2174 ’
253 2159 453 2240 ἐπίνλὸπος,
475 2155 684 2248 κυτοίφορος,
705 2152 937 2246 νυτοίρῥοπος,
958 2156 1180 2247 παροίμονος,
1205 2159 1346 2246 περίτρο-

190 2329 193 2336 ,
253 2289 337 2345 πος,
358 2258 566 2350 πρόςφορος,
589 2260 786 2348 σοίμπνους,
807 2254 1040 2350 δπόοτροφος,
1071 2264 1218 2346 aquibus
1241 2261 1344 2326 secerni

250 2377 383 2452 oportet,
407 2387 481 2449 qnae
506 2387 572 2429 cum
594 2365 788 2431 substantivis
811 2385 949 2432 connexa
970 2375 1041 2430 sunt
1062 2363 1240 2452 ἐπίψογος,
1261 2369 1345 2430 ἔκνο-

250 2493 334 2558 μος,
357 2461 541 2555 δπόλομος,
567 2465 750 2555 οἷνοίλογος,
775 2463 968 2555 παράλογος
992 2479 1051 2532 etc.
1078 2469 1182 2552 paucis
1206 2468 1238 2530 in
1260 2465 1343 2530 medio

250 2572 384 2646 relictis,
415 2591 490 2654 quac
517 2569 604 2634 modo
629 2569 838 2656 synthetorum
863 2571 1111 2654 significationem
1138 2570 1248 2634 habent
1270 2569 1342 2632 modo

250 2673 534 2760 parasynthetorum
555 2683 589 2736 ut
608 2667 759 2761 ὕπαρχος
781 2683 813 2736 ct
833 2670 1017 2746 ἐπίσκοπος
1038 2693 1069 2736 v.
1093 2674 1131 2736 ad
1153 2675 1204 2758 Aj.
1227 2670 1298 2738 976.
1318 2679 1343 2733 ct

129 2778 133 2786 '
251 2773 348 2840 1105.
393 2774 529 2837 Alterum
551 2795 646 2858 genus
668 2786 716 2838 est
739 2795 781 2838 ex
801 2774 956 2860 adJectivis
981 2785 1013 2837 et
1033 2775 1230 2840 substantivis
1253 2774 1343 2838 confu-

250 2898 335 2958 sump
365 2897 491 2960 namque
514 2897 575 2938 non
596 2876 692 2940 solum
715 2877 823 2940 dicitur
843 2867 1167 2962 crepidpoptorudrsg
1189 2887 1220 2940 et
1240 2875 1342 2960 passive

249 2992 332 3068 poto
355 2973 559 3065 περίδρομος
582 2979 683 3044 Noun.
707 2978 809 3042 XXV.
833 2977 907 3043 388.
938 2978 1104 3042 sedetiam
1130 2976 1234 3045 ὅπου
1257 2973 1341 3064 ρ’λίου
1377 3057 1381 3067 .

249 3080 455 3169 περίδρομος
482 3081 566 3143 Stob.
595 3081 661 3144 Ecl.
691 3081 715 3144 1.
745 3079 820 3144 440.
851 3080 984 3144 Maneth.
1012 3079 1065 3144 IV.
1093 3079 1125 3146 5.
1157 3079 1342 3169 περίδρομοι

251 3184 336 3252 ἐτοῖν
357 3184 470 3268 Phryn.
489 3183 562 3266 App.
587 3181 646 3259 00,
666 3181 720 3250 29.
745 3188 781 3250 αἱ
801 3181 1042 3268 protodoctor
1062 3178 1276 3269 ποριδρόμων
1294 3181 1339 3244 Dio

252 3285 338 3350 Cass.
362 3283 474 3348 xttx.
498 3283 552 3348 43.
584 3286 662 3368 (iere
686 3297 720 3349 ut
744 3285 829 3352 ἐπῶν
851 3283 1002 3352 ἐνιαυτοί
1023 3287 1117 3350 Arist.
1142 3287 1240 3350 Rann.
1262 3283 1340 3366 347.)

251 3391 412 3472 eodemque
428 3387 514 3450 modo
532 3381 727 3478 οἷνοίῤῥους,
741 3386 933 3476 περίρρους,
951 3381 1125 3468 διοίπλους,
1141 3385 1340 3476 πυρδπλουο,

247 3489 449 3578 περίπλους,
473 3490 591 3574 utrique
613 3489 719 3575 generi
741 3491 919 3558 communia.
966 3491 1024 3556 Sed
1045 3492 1233 3556 substantiva
1254 3503 1340 3556 tanen

248 3595 342 3679 magis
367 3594 403 3657 ad
427 3592 600 3658 femininam
624 3593 772 3656 inclinant
795 3593 992 3679 positionem:
1031 3589 1230 3680 α’νυουοπή,
1256 3587 1339 3660 α’νπ-

246 3687 348 3781 υοπή,
370 3690 512 3779 οἷνοονή,
534 3685 726 3780 α’πουροπή,
749 3686 897 3783 διαδοχή,
919 3688 1066 3784 ἐκδρομή
1073 3745 1084 3775 ,
1107 3689 1262 3782 δπιτολή,
1282 3718 1338 3762 πο·

247 3788 416 3886 ρυτροπή,
443 3793 645 3883 περιπλονή,
671 3790 838 3884 προδουή,
865 3789 1020 3884 ουνοομή
1046 3809 1104 3862 etc.
1136 3819 1212 3883 quae
1234 3799 1336 3861 decom·

246 3901 342 3984 posita
374 3921 440 3963 esse
468 3901 568 3984 arguit
597 3901 729 3966 defectus
759 3899 935 3985 simplicium
966 3894 1065 3989 λονή,
1093 3895 1219 3986 δρομή,
1247 3890 1336 3980 πολοί,

246 3994 340 4086 υολή.
369 4001 473 4084 Neque
492 4003 563 4068 mihi
585 4004 786 4088 exploratum,
809 4025 866 4090 quo
887 4014 1010 4072 auctore
1030 4002 1248 4088 Lexicographi
1268 3999 1337 4064 affir-

246 4113 330 4168 ment
350 4099 543 4190 πρόδρομος
563 4105 642 4169 idem
663 4105 833 4192 significare
855 4107 932 4189 quod
952 4098 1149 4196 oporpopp',
1175 4105 1228 4170 sed
1249 4103 1334 4166 diver

246 4224 296 4270 sas
326 4205 512 4272 currentium
538 4208 739 4288 directiones,
772 4229 937 4288 excursus,
966 4230 1164 4297 praecursus,
1193 4221 1333 4277 ocomsuv
