2940 4894
304 320 366 387 nn
394 315 560 388 nonin.
590 315 764 392 nonos.
794 316 832 383 u.
852 315 879 383 1.
909 319 939 404 p,
961 318 1024 386 u..
1163 319 1228 388 ιιι

112 499 277 568 earundem
306 492 527 566 lilerirumtin
556 517 618 562 nna
641 495 759 584 syllal·
780 497 1021 584 eompreheuoio.
1064 495 1142 564 nam
1167 492 1231 578 (tlt

108 605 198 680 illud,
230 603 313 668 uolo
333 601 540 668 aoeosativum
562 593 652 668 ὦλκα
673 611 850 682 arcessunt,
879 621 943 666 uon
965 611 1052 666 extat
1072 601 1132 666 nisi
1153 603 1231 688 apuu

108 705 333 770 Grammaticos
348 705 509 780 loelores3
533 703 720 768 Philoxenus
742 707 781 772 ἐν
797 701 843 792 τῷ
858 701 1231 794 mplpouoovtltptoe

106 829 158 894 ap.
173 809 285 872 Orion.
300 829 331 894 p.
352 805 427 882 120,
451 805 505 870 11.
529 800 591 896 ὂψ,
612 805 722 890 inquit,
745 805 840 892 opopa?
861 804 924 874 τὸν
945 810 1015 892 ἕψω
1038 807 1232 894 μέλλοντα·

107 909 154 986 oie
183 908 257 980 οἰιὸ
284 909 348 978 τοῦ
378 910 459 986 ἕλξω
490 909 544 984 tl!
573 907 631 976 ool
657 909 771 1000 τροπῇ
798 905 856 986 oili
877 909 936 978 τοι
955 902 1133 978 &mione
1153 907 1230 997 olli,

107 1015 188 1101 quad
212 1015 241 1079 si
261 1015 304 1078 ita
327 1022 421 1087 esset,
446 1005 509 1086 ὥλξ
530 1011 622 1075 scribi
643 1011 778 1088 deberet,
804 1022 839 1076 ut
859 1012 972 1098 legitur
992 1033 1041 1099 up.
1068 1013 1230 1098 Theogno·

106 1130 190 1184 slum
213 1139 245 1202 p.
262 1115 337 1181 132.
361 1115 414 1178 sel
436 1113 633 1178 Grammatioi
653 1113 748 1199 uulgo
770 1115 1009 1181 eiroumlleetnnt
1028 1127 1064 1180 nt
1083 1137 1127 1181 ex
1147 1109 1230 1192 ἅλοξ

105 1229 302 1284 oontruotum
325 1237 393 1281 oum
414 1216 614 1280 transsatione
636 1217 878 1294 consonantium,
902 1227 938 1283 nt
950 1229 1059 1283 neutra
1078 1212 1133 1307 ἦρ,
1154 1215 1232 1306 κῆρ,

106 1317 156 1409 οἶρ
188 1320 333 1386 Eustath.
363 1341 393 1405 p.
419 1318 496 1396 573,
520 1317 583 1385 29.
614 1317 692 1397 956,
721 1317 755 1384 9.
788 1319 924 1385 Philemo
953 1321 982 1404 5.
1005 1317 1082 1386 312.
1126 1320 1231 1406 ltaque

103 1424 243 1490 Arcadio
264 1443 294 1508 p.
315 1421 392 1500 126,
416 1420 449 1487 5.
473 1431 506 1486 et
527 1421 730 1486 Grammatico
755 1421 788 1484 in
808 1423 924 1487 Aneol.
948 1422 1072 1488 Burooe.
1096 1443 1126 1508 p.
1149 1420 1228 1488 418.

105 1525 165 1602 ὄλξ
201 1537 234 1592 et
263 1519 325 1600 ὦλξ
354 1525 486 1610 relinqui
513 1534 640 1610 possunt
667 1533 703 1588 ut
730 1523 851 1590 scholae
879 1526 1016 1590 inventa.
1055 1559 1098 1574 —-
1127 1509 1231 1612 lup}

106 1641 230 1696 exeunt
258 1626 357 1716 σάρξ,
395 1649 450 1713 pro
487 1647 545 1712 qno
577 1625 689 1690 Aeoles
719 1623 798 1712 σύρξ
825 1629 970 1692 dixerunt
1004 1621 1231 1715 ἐτυμώτερον,

106 1729 208 1820 παραὶ
238 1727 280 1798 τὰ
310 1727 399 1816 οὐρα
430 1723 557 1815 «sulpio,
584 1739 619 1792 ut
646 1728 689 1792 ait
710 1729 811 1818 Etym.
835 1732 877 1795 hl.
903 1729 978 1810 798,
1002 1729 1056 1794 31.
1086 1731 1139 1794 sed
1161 1730 1229 1816 quio

109 1834 327 1920 suhsiguahiti
352 1845 385 1900 et
406 1825 482 1919 δόρξ
503 1835 569 1898 sive
591 1824 672 1917 ζόρξ,
694 1833 770 1916 quod
791 1835 825 1898 in
846 1833 960 1898 Αοοιι.
985 1833 1055 1897 Bar.
1079 1833 1103 1896 l.
1123 1854 1151 1898 o.
1177 1851 1230 1898 re·

107 1938 182 2024 poni
213 1938 302 2000 dehet
327 1931 502 2025 ρτοβόρξ.
548 1934 662 2000 Primis
691 1935 894 2000 nominativus
922 1935 1138 2000 usitatissimus
1168 1943 1230 2013 eat,

109 2041 243 2105 alterius
267 2039 398 2104 leuasse
420 2039 497 2122 apud
518 2037 600 2104 solus
622 2035 735 2122 legitur
756 2037 986 2104 Grammaticos.
1032 2038 1136 2123 Neque
1149 2034 1234 2124 νοῖρξ

109 2153 202 2207 extat
232 2141 284 2206 sel
313 2141 504 2206 aecusativus
531 2133 643 2225 νάρκα
670 2141 747 2224 apud
775 2141 959 2226 Oppianum,
991 2152 1023 2206 et
1043 2141 1172 2226 pluralia
1192 2143 1230 2206 ah

109 2245 266 2333 llesyehio
287 2243 385 2308 relata
409 2239 539 2332 Φαίακες
559 2240 698 2311 νεοσσοί
718 2263 754 2308 ao
775 2237 901 2331 Φόριιες
922 2244 1055 2331 (furcae)
1077 2240 1231 2336 χείρονες.

619 2432 649 2517 o.
674 2429 727 2496 11.

198 2567 346 2654 Superest
367 2568 455 2633 litera
475 2554 512 2656 p]
529 2568 640 2632 eeleris
661 2565 761 2653 paullo
777 2565 988 2632 abundantior.
1031 2565 1109 2632 Nam
1125 2565 1149 2654 ἦ
1164 2565 1234 2652 §oin
1288 2573 1291 2579 ’

113 2695 133 2738 a
155 2672 309 2748 Simmia.
328 2671 521 2756 Euphorione
546 2671 672 2754 aliisque
694 2671 856 2734 verborum
878 2670 1056 2737 oblivionum
1078 2671 1234 2736 venatori·

111 2777 170 2840 hus
199 2783 374 2858 usurpatum
403 2784 451 2838 est
479 2793 512 2837 v.
535 2773 670 2838 Meiuek.
702 2773 739 2836 ad
760 2771 857 2858 Euph.
886 2794 916 2857 p.
942 2771 996 2837 57.
1027 2771 1173 2858 Aglaoph.
1198 2783 1230 2858 p.
1283 2794 1286 2802 ’

117 2875 276 2963 11842110)
301 2886 333 2940 et
353 2875 385 2938 in
409 2876 559 2940 communi
581 2897 638 2940 usu
659 2875 789 2960 positum
812 2868 904 2964 φάψ,
928 2897 1053 2961 quorum
1070 2875 1153 2964 prius
1169 2873 1236 2962 τήν

113 2981 259 3063 ζέουσαν
290 2977 462 3062 siguificare
490 2979 656 3055 creditum,
688 2978 818 3042 alterum
850 3000 917 3043 eum
947 2977 1042 3067 φέβω
1073 2989 1234 3064 cognatum

113 3083 237 3146 videtur
260 3075 374 3168 (φάβα
397 3075 504 3170 φόβος
527 3080 677 3168 Hesyoh.)
699 3091 733 3145 ut
755 3101 949 3170 synonynum
970 3077 1105 3168 τρήρον
1132 3082 1167 3146 itl'
1185 3092 1233 3147 est
1333 3137 1338 3154 .

113 3183 223 3269 pavida
245 3204 312 3246 oum
334 3181 431 3270 τρέω.
477 3183 581 3247 Adhue
609 3183 804 3248 Grammatiei
830 3185 948 3248 turham
976 3184 1149 3270 ignotorum
1178 3205 1233 3250 vo·

14 3349 15 3368 p
115 3285 292 3351 oahulorum
323 3285 483 3362 concient3
524 3285 619 3371 llegg.
644 3286 730 3352 Pros.
763 3285 803 3350 N.
828 3283 882 3363 67,
912 3285 988 3352 436.
1018 3291 1056 3354 ἐν
1084 3299 1158 3362 τοῖς
1185 3290 1235 3362 εἰς

111 3376 169 3478 αὖ
189 3380 467 3476 μονοσνλλᾶβοις
497 3383 536 3454 τὸ
567 3383 660 3475 δριὲψ
682 3386 865 3456 ἐκτείνεται
889 3385 975 3476 παρ’
994 3382 1236 3478 Ἀριστοφάνει

114 3491 306 3578 (Diodorlius
335 3489 451 3576 omisit)
479 3489 537 3557 eol
565 3488 604 3556 τὰ
633 3483 706 3580 luith
734 3489 829 3580 παρα
867 3490 1113 3580 Ταραντίνοις,
1147 3488 1171 3579 ἦ
1197 3489 1236 3560 δὲ

113 3591 210 3686 quoius
237 3593 296 3661 nol
323 3585 403 3682 φοῖψ
430 3591 571 3683 θηλυκῷ
606 3591 697 3682 γένει
726 3593 978 3689 ανστὲλλοαοιν.
1021 3593 1169 3660 Arcadius
1200 3615 1231 3681 p.
1326 3621 1328 3632 ·
1447 3589 1449 3596 ’

116 3767 330 3783 m

154 3899 157 3904 ·
196 3875 245 3944 tu)
264 3874 304 3928 De
322 3875 443 3928 Simmiae
457 3889 537 3929 versu
552 3875 633 3928 Glem.
651 3874 746 3928 strom.
762 3872 795 3928 V.
813 3874 874 3930 ott.
891 3869 1088 3946 ἐμαοιγνῆτοιν
1103 3883 1150 3934 καὶ
1169 3874 1237 3932 Τιλ-

14 3967 16 3998 *
121 3967 207 4032 χίνιιν
224 3963 273 4034 ἴφυ
290 3957 309 4030 ἦ
325 3957 410 4030 divar}
428 3953 485 4031 ζιίψ
504 3978 582 4030 quum
599 3961 654 4014 lere
669 3963 834 4029 desperatum
850 3963 896 4024 ait,
915 3963 1058 4030 perieulum
1072 3963 1165 4016 loeium
1178 3972 1236 4016 tnn-

122 4065 202 4117 quam
218 4049 246 4099 in
264 4047 347 4100 Cure:
367 4045 514 4115 μνάμοναε
528 4048 595 4116 (sive
608 4041 1137 4124 μνάμοοο)’1γνὴτανΤελχῗνοεἔφατ’
1152 4045 1238 4118 diona}

121 4132 192 4206 ζιίψ.
228 4133 272 4186 Sio
289 4123 357 4186 enim
375 4133 444 4186 lama
461 4133 522 4196 fert,
542 4133 680 4188 Telchines
697 4135 775 4188 undio
792 4134 899 4188 huootoo
920 4149 986 4188 eoae.
1022 4135 1133 4189 Eosdem
1150 4141 1236 4188 temen

122 4222 171 4274 alii
188 4227 310 4289 posterea
324 4219 440 4291 {suetum
458 4219 539 4274 luisse
555 4221 733 4290 prodiderunt.
