2944 4888
233 330 269 384 vr
305 290 324 307 ’

234 493 337 599 yoiior
361 491 478 577 uiuos
490 495 564 577 raia
587 498 676 576 νέων
695 496 779 573 εἶσί.
812 493 995 600 ¹Denique
1008 490 1100 568 hano
1113 520 1226 568 meam
1241 495 1340 572 festi·

233 669 413 742 nationem
438 691 481 740 eo
507 662 645 736 facilius
666 661 755 736 mihi
780 661 960 786 condono,
995 661 1092 764 quod
1106 661 1181 762 jam
1208 663 1340 740 dudum

100 825 103 832 ’
233 841 272 910 in
296 837 389 909 hano
415 833 586 910 deductus
612 859 690 908 sum
715 834 923 908 sententiam
951 841 992 905 ut
1017 857 1140 906 omues
1172 835 1261 908 mihi
1286 837 1339 911 fe·

236 1009 384 1081 stinasse
415 1003 622 1098 videantur,
662 1028 814 1105 qnorum
847 1003 906 1076 alii
937 1001 1020 1076 libri
1052 1012 1172 1078 extant
1201 1016 1341 1104 praeter

235 1185 431 1274 postumus.

334 1343 642 1437 Dissertationum,
671 1365 761 1441 quae
785 1349 936 1442 utroque
957 1341 1136 1416 volumine
1158 1343 1339 1416 coutinen·
1461 1371 1462 1376 ¹

236 1526 307 1611 tur,
335 1513 458 1588 ultima
483 1522 537 1587 est
561 1512 773 1612 syntaetioa3
805 1521 962 1585 caeterae
986 1521 1171 1585 versantur
1203 1513 1242 1584 in
1267 1513 1340 1584 for·
1461 1519 1462 1546 ³

236 1687 390 1758 mationa
413 1643 678 1758 insubulorum.
733 1659 1041 1776 Quemadmodum
1072 1690 1189 1756 autem
1212 1680 1341 1781 Epicu·
1461 1693 1462 1712 t

237 1879 299 1926 rus
323 1861 460 1927 atomos
484 1852 601 1954 fingit,
631 1879 740 1953 quum
761 1877 826 1949 por
850 1853 954 1927 inane
970 1851 1157 1946 seranus
1173 1861 1269 1926 reeta
1287 1877 1340 1924 re-

236 2023 341 2124 qioae
364 2022 438 2094 viat
462 2021 637 2096 declinare
661 2020 817 2119 paullum
842 2033 883 2098 ut
894 2024 1034 2096 varient
1045 2031 1156 2094 matus
1176 2045 1250 2118 per,
1258 2045 1343 2122 quos
1461 2041 1462 2130 f

239 2202 370 2266 natura
389 2200 497 2294 qenai
516 2215 586 2282 roa,
612 2191 662 2262 ita
684 2189 827 2292 linguae
853 2192 954 2292 quasi
980 2189 1110 2290 duplex
1133 2200 1251 2266 motus
1272 2201 1340 2286 est,
1461 2279 1462 2284 Ἰ

237 2387 330 2434 unus
354 2372 487 2458 reatus,
515 2385 621 2462 quam
639 2353 838 2461 analogiam
852 2385 1033 2457 vocamus,
1062 2335 1150 2434 aiter
1162 2357 1340 2462 obliquus,

239 2554 312 2632 quo
337 2530 511 2608 anomalia
524 2530 698 2606 efficitur.
741 2529 842 2604 Illius
858 2531 1028 2608 initiuma
1044 2539 1169 2612 natanta
1184 2529 1340 2625 ductum,

237 2699 342 2800 hujus
373 2685 506 2776 causae
530 2699 661 2778 multae
693 2701 879 2801 variaeque
895 2711 972 2774 aut
998 2701 1219 2778 manifestae·
1239 2699 1345 2775 nobis

239 2879 299 2942 aut
323 2867 501 2965 oooultae,
537 2868 600 2943 sed
632 2872 875 2970 potentissima
901 2873 977 2946 sina
1003 2869 1110 2944 dnbio
1145 2870 1344 2946 observatio

149 3147 153 3156 ι
240 3037 472 3140 euphoniae·
504 3038 614 3140 Cujus
628 3025 769 3144 ¹quanta
801 3043 848 3116 sit
871 3043 926 3116 vis
955 3043 995 3116 in
1027 3041 1126 3114 omni
1155 3038 1344 3114 verborum
1461 3051 1462 3134 J

240 3207 521 3284 conformatione
554 3213 683 3312 partim
713 3211 915 3312 conjeotura
933 3222 1181 3311 auguramur,
1216 3212 1344 3310 partim

240 3380 345 3480 certis
375 3379 515 3455 indioiis
547 3383 728 3481 cognitum
760 3378 949 3478 hahemus,
991 3407 1143 3484 quorum
1173 3377 1345 3454 ‘nonnulla

239 3547 448 3648 protulimus
478 3551 518 3626 in
548 3548 675 3624 harum
700 3553 1032 3626 commentationum
1056 3552 1190 3650 prima,
1225 3546 1263 3620 id
1287 3571 1344 3627 oa·
1461 3565 1462 3614 ς

110 3805 117 3824 ι
239 3727 305 3816 put
329 3727 365 3792 et
388 3720 598 3820 prinoipium
623 3722 733 3800 totius
764 3745 888 3796 oausae
921 3747 999 3796 esse
1025 3722 1105 3798 rati.
1164 3717 1259 3793 Huic
1277 3716 1346 3846 ‘uni

240 3889 438 3989 quaestioni
469 3891 501 3962 si
535 3891 615 3992 quis
646 3892 738 3966 vitae
769 3892 920 3992 spatium
949 3888 1182 3990 impenderit,
1219 3912 1346 3986 parum

203 4099 206 4109 ·
240 4057 326 4156 erit3
354 4057 442 4132 adeo
467 4057 649 4136 reoontiita
662 4069 717 4134 ast
737 4059 798 4136 illa
813 4060 1008 4136 vocalitatis
1022 4061 1128 4154 ratio,
1153 4055 1242 4132 adeo
1256 4054 1344 4130 mul·

241 4225 353 4326 tiplici
377 4237 495 4304 meatu
519 4239 555 4306 et
578 4227 726 4332 ambage
750 4223 951 4310 universum
979 4239 1192 4335 pervagatur·
1212 4251 1344 4306 sermo·
