2944 4888
175 464 180 473 Ι
250 381 295 444 uu
372 335 374 340 ¹
618 371 935 440 nrssnnrnrro
966 371 990 435 1.
1077 339 1080 346 ’

220 598 222 604 ·
246 553 405 643 νροαίνω.
449 554 524 619 Huio
547 575 602 619 our
621 553 710 616 litera
725 535 761 619 ἀἶ
774 553 963 615 insereretur
985 549 1067 614 nulla
1088 570 1178 614 causa
1199 561 1276 626 erat,
1300 551 1353 614 sed
1463 620 1464 628 .

247 657 364 722 inserta
385 667 432 721 est
453 656 599 742 adjectivo
621 655 690 718 binc
712 663 871 744 propagato
894 649 1005 742 ἰσχνός
1028 653 1145 729 tenuis,
1173 653 1220 716 eui
1243 653 1353 717 similia
1462 637 1464 656 ¹

246 770 318 823 sunt
345 753 520 838 στιλπνός,
547 749 705 843 τερπνός,
734 754 864 844 λίχνος,
893 745 1066 834 θαλπνός,
1096 746 1249 840 motando,
1278 779 1354 820 ono·-
1462 827 1465 844 1

244 854 336 950 γνός,
357 855 528 950 σπερχνός.
557 860 602 922 Ab
623 858 669 922 hls
689 878 763 922 vero
783 858 897 921 nullum
913 858 1046 942 procedit
1064 860 1187 922 verbum
1205 843 1353 938 indier-ol]
1461 853 1465 864 ⁴

245 965 281 1028 ab
304 957 415 1054 ἰσχνός
438 975 538 1026 autem.
565 983 625 1026 non
652 960 748 1024 solum
771 956 890 1050 ἰσχνόν
898 1009 909 1039 ,
938 961 990 1023 sed
1018 961 1106 1022 etlam
1134 959 1292 1049 ἶσχναίνω
1322 972 1354 1024 et

246 1065 420 1150 composita.
446 1065 583 1150 Hippocr.
609 1065 645 1126 de
667 1063 757 1127 Locc.
789 1063 821 1126 iu
845 1063 931 1126 Hom.
964 1085 992 1147 p.
1018 1061 1091 1125 138.
1115 1062 1151 1126 T.
1175 1063 1210 1126 ll.
1237 1063 1350 1148 Apbor.

244 1189 275 1252 p.
290 1167 363 1230 ιιι.
380 1167 416 1230 r.
434 1167 485 1230 ιιι.
506 1167 616 1230 aenou.
632 1166 683 1228 ιιι.
698 1165 751 1228 24.
768 1165 843 1228 νια.
863 1165 955 1250 cog.
973 1165 1047 1230 αν.
1061 1165 1098 1228 n.
1120 1165 1207 1230 root.
1223 1163 1298 1231 293.
1315 1165 1350 1228 c.
1465 1143 1466 1172 ³

243 1270 371 1334 Aristot.
387 1269 487 1332 Probl.
504 1268 555 1331 lll.
570 1267 623 1334 23.
643 1268 770 1331 Philem.
787 1268 905 1352 Fragm.
922 1267 985 1330 loc.
1001 1267 1071 1336 Xll.
1094 1267 1191 1331 Strab.
1208 1267 1258 1331 lll.
1275 1266 1351 1331 145.

244 1371 323 1434 Ρ1ιιι.
347 1371 447 1457 Symp.
468 1369 506 1435 V.
532 1369 654 1450 Quaest.
675 1369 727 1432 Vl.
747 1369 778 1432 4.
805 1369 952 1455 Porphyr.
971 1368 1009 1432 V.
1035 1367 1121 1454 Pytb.
1146 1391 1175 1453 p.
1196 1367 1249 1433 66.
1275 1369 1356 1434 Tbe·
1465 1349 1466 1370 ³

243 1473 325 1536 mist.
347 1473 371 1535 l.
394 1470 445 1537 10.
469 1471 507 1536 Α.
525 1472 650 1534 Maxim.
671 1472 744 1557 Tyr.
766 1471 912 1536 XXXlV.
934 1471 973 1546 2,
995 1469 1067 1534 157.
1092 1471 1174 1534 Smb.
1195 1471 1276 1534 Flor.
1299 1471 1350 1536 Cl.

245 1572 304 1649 16,
329 1573 402 1637 547.
428 1575 515 1658 idque
537 1575 573 1636 ab
596 1571 754 1662 ἰσχαίνω,
778 1565 920 1663 lordum,
943 1573 1083 1662 ἰσχανῶ,
1110 1585 1225 1637 tantum
1248 1573 1351 1650 distat,
1466 1655 1467 1674 ἢ

244 1687 386 1760 quantum
414 1685 540 1739 attenua
570 1677 605 1739 ab
634 1678 762 1740 atttlueo.
809 1675 871 1738 Hoc
900 1686 1000 1740 autern
1028 1675 1187 1738 discrimen
1212 1696 1353 1738 nonuun-

243 1797 329 1862 quam
355 1799 373 1840 o
396 1777 548 1841 veteribus
573 1777 740 1862 neglectum
765 1797 832 1841 esse
856 1777 915 1840 nisi
940 1775 1004 1859 quis
1030 1777 1226 1852 certioribus,
1264 1797 1353 1862 quam

241 1879 403 1954 Matthiae,
434 1880 579 1964 exemplis
602 1879 873 1954 demonstraverit,
904 1879 981 1942 baud
1003 1879 1121 1962 probari
1144 1880 1255 1963 poterit
1276 1881 1354 1943 Her-

241 1981 344 2046 manni
371 1981 518 2065 scriptura
544 1982 606 2067 lpb.
631 1983 669 2045 A.
694 1979 767 2045 766.
797 1979 906 2068 (694.)
934 1993 1152 2070 σννισχνανεῑ
1178 2003 1230 2065 pro
1254 2005 1354 2049 ouru-
1466 1983 1468 2002 ¹

243 2096 369 2173 σχανεῑ.
415 2083 471 2147 Sed
495 2096 528 2148 nt
550 2084 600 2148 vel
624 2083 901 2162 hocconcedatur,
933 2084 1119 2181 quodquam
1141 2085 1271 2148 maxime
1297 2087 1352 2149 du·
1466 2069 1469 2106 ³

241 2187 321 2263 bito,
354 2184 490 2274 ἰσχαίνω
515 2187 572 2250 dici
598 2209 651 2272 pro
674 2185 833 2276 ι’σχναίνω
858 2197 979 2250 exemto
1001 2209 1040 2260 ν,
1069 2197 1102 2248 ut
1124 2184 1274 2275 ἰσχαλὲος
1295 2209 1351 2271 pro

241 2289 426 2380 ἶσχναλέος,
448 2299 548 2372 tumen
572 2290 665 2353 nihilo
685 2290 796 2366 minus,
820 2311 890 2352 uum
913 2289 942 2352 id
964 2290 1030 2352 soni
1054 2311 1143 2353 causa
1165 2292 1275 2352 lactum
1295 2293 1350 2367 sit,
1468 2361 1469 2368 ξ

131 2441 135 2448 .
241 2392 350 2476 ambigi
376 2391 466 2467 lieet,
498 2392 636 2478 quoniam
661 2385 772 2481 ἰσχνός
794 2391 915 2455 unieum
939 2401 985 2454 est
1010 2393 1204 2468 vocabulum,
1235 2393 1267 2455 in
1291 2414 1351 2477 quo

241 2494 347 2557 literae
371 2517 432 2583 σχν
455 2504 657 2570 concurrunt,
682 2516 788 2579 purum
810 2505 911 2558 antem
933 2517 954 2560 ν
976 2494 1007 2556 iu
1031 2495 1142 2558 duabus
1164 2506 1253 2579 alque
1274 2497 1350 2560 adeo

240 2596 336 2660 tribus
364 2597 515 2660 continuis
543 2596 666 2682 syllabis
695 2597 790 2681 repeti
816 2618 878 2659 non
900 2596 1054 2662 insolitum
1079 2608 1143 2674 est,
1178 2591 1351 2664 ἐννενεότ-
1468 2587 1470 2626 l

239 2722 364 2784 νενμαι
394 2695 470 2762 Plat.
496 2698 563 2788 Ciu.
595 2698 651 2762 lX.
679 2698 752 2762 573.
778 2699 815 2762 E.
846 2695 1083 2786 αἴνενὲνεγκται
1110 2701 1142 2763 in
1171 2711 1275 2766 vetere
1302 2701 1349 2764 in-

240 2802 402 2885 scriptione
424 2801 515 2864 attica
536 2801 625 2884 Corp.
644 2800 739 2864 lnscr.
759 2800 827 2864 Vol.
844 2802 867 2865 l.
888 2802 925 2866 N.
944 2801 997 2867 76.
1022 2798 1199 2870 ὀνίνανται
1218 2804 1346 2868 Aristot.

239 2903 339 2967 Probl.
362 2901 450 2965 XIX.
477 2900 528 2965 18.
553 2901 643 2965 Alex.
664 2903 758 2965 Trall.
780 2901 818 2965 V.
845 2903 876 2966 1.
899 2901 974 2968 246.
1001 2897 1158 2971 ὀνινάναι
1180 2905 1286 2968 Galen.
1311 2907 1348 2969 de

240 3003 344 3089 Simpl.
362 3004 432 3068 Fac.
449 3003 505 3066 Xl.
527 3002 585 3080 15,
608 3001 684 3070 287.
708 3003 743 3070 Τ.
760 3003 829 3066 Xll.
854 3006 890 3066 de
913 3005 1017 3089 Comp.
1041 3027 1105 3069 sec.
1130 3006 1219 3068 Loco.
1240 3005 1291 3068 tv.
1313 3005 1346 3082 1,

220 3125 223 3136 ·
239 3105 315 3171 765.
340 3109 376 3170 de
394 3118 452 3170 atr.
471 3107 523 3169 bil.
540 3105 592 3169 Vl.
612 3103 685 3172 128.
709 3106 751 3169 Τ.·
764 3105 802 3169 V.
822 3105 905 3169 Paul.
923 3107 1000 3191 Arg.
1018 3107 1084 3170 Vll.
1103 3105 1134 3176 3.
1154 3129 1182 3191 p.
1199 3106 1275 3184 236,
1290 3108 1344 3174 25.

239 3229 314 3293 quae
344 3219 465 3272 notasse
494 3208 549 3272 hoc
575 3209 669 3293 magis
698 3210 735 3272 ad
763 3229 827 3272 rem
853 3207 1001 3293 pertinet,
1034 3210 1103 3292 quia
1126 3229 1238 3284 uuum,
1271 3210 1347 3293 quod

239 3311 437 3374 Buttmannus
466 3311 498 3373 in
524 3310 588 3374 lud.
612 3313 751 3374 Anomm.
782 3311 871 3374 alfort
898 3311 934 3373 ad
963 3311 1119 3376 levandam
1149 3311 1346 3396 cacophoniue

238 3412 439 3496 suspicionem
462 3411 548 3497 hujus
571 3413 713 3478 infinitivi
735 3413 924 3498 exemplum,
948 3413 978 3477 id
999 3414 1094 3498 ipsum
1117 3414 1149 3477 in
1171 3425 1346 3478 coutrover-

238 3515 284 3578 sia
306 3525 446 3579 versatur
467 3535 498 3578 v.
524 3514 687 3579 Schneider
708 3518 744 3579 ad
767 3516 835 3580 (liv.
859 3516 895 3579 Τ.
921 3516 972 3580 Ill.
997 3539 1025 3601 p.
1050 3515 1126 3582 213.
1150 3537 1179 3579 a.

325 3617 465 3700 Sequitur
486 3617 522 3692 Ξ
543 3618 631 3681 litera
653 3620 785 3694 vastior,
817 3630 851 3684 ut
874 3619 980 3684 Cicero
1006 3620 1049 3683 ait
1071 3621 1152 3683 Orat.
1181 3639 1208 3682 e.
1232 3618 1286 3682 45.
1315 3629 1347 3682 et

238 3741 256 3784 a
278 3719 418 3783 Romanis
441 3741 529 3805 saepe
551 3720 711 3784 declinata.
751 3721 865 3806 Durum
888 3722 973 3786 nobis
996 3743 1104 3786 sonare
1126 3721 1268 3784 videntur
1289 3741 1346 3782 να-

238 3823 312 3898 lem,
342 3824 374 3898 ἐξ
396 3827 430 3899 ἐξ
455 3823 530 3886 Plat.
554 3822 632 3885 Tim.
656 3843 685 3907 p.
711 3822 763 3887 54.
788 3825 825 3887 Ε.
853 3823 980 3888 Aristot.
1005 3824 1042 3888 Η.
1067 3826 1146 3886 Αιιιι.
1173 3821 1224 3884 111.
1249 3819 1286 3898 7,
1309 3821 1343 3887 2.
1382 3881 1391 3888 .

238 3919 426 4002 ἑξοξύνεται
446 3923 596 4010 Tbeophr.
622 3923 711 3989 Caus.
736 3925 781 3990 Pl.
807 3925 858 3988 Vl.
884 3924 922 4002 7,
945 3924 978 3990 6.
1000 3921 1133 4002 ’ἐξάξειν
1155 3923 1265 3988 Herod.
1290 3923 1343 3988 lV.

240 4025 314 4092 148.
339 4021 497 4106 ἐξάξοντα
518 4026 613 4092 Thuc.
633 4026 671 4092 V.
691 4025 744 4093 80.
769 4021 918 4105 ἐξάξονσι
940 4027 1021 4095 Plal.'
1036 4026 1112 4090 Crit.
1134 4022 1186 4098 48.
1210 4025 1246 4089 C.
1271 4021 1347 4104 ἐξά-

237 4131 436 4218 ξεσθεὶΡΙιιι.
461 4131 497 4194 de
519 4128 589 4193 Fac.
609 4129 687 4194 Lon.
706 4129 758 4196 Vl.
782 4128 836 4195 35.
860 4131 896 4194 Τ.
916 4129 999 4194 Xlll.
1025 4128 1128 4213 quibus
1152 4129 1346 4192 confirmatur

237 4233 349 4312 ἐξέλξω
371 4233 466 4299 Arist.
487 4231 562 4315 qu.
587 4229 663 4296 365.
687 4241 719 4298 et
739 4230 772 4296 in
793 4233 950 4320 disjunctis
970 4230 1123 4300 vocabulis
1145 4233 1203 4310 ἔξω
1225 4225 1346 4318 'deuey-

1466 2171 1469 2212 l

1467 2279 1469 2316 l
