2914 4882
260 335 335 404 566
627 333 1018 403 utssuuruutot.
1090 329 1093 336 ’

263 514 347 590 θοός
367 515 440 604 θεῷ
461 509 757 603 α’ντιτοταγμίνος.
801 513 894 599 Cujus
915 513 962 579 rei
983 525 1017 580 et
1035 515 1170 600 gravitas
1195 528 1228 582 et
1250 517 1380 584 difficul-

261 626 310 682 tes
332 618 416 684 nulle
442 639 477 682 re
504 618 598 702 magis
625 617 823 701 intelligitur,
854 638 941 702 quem
969 617 1044 682 Iocis
1067 619 1205 703 ambigue
1233 622 1378 706 scriptis:

261 717 387 810 χρύσεα
407 717 444 786 δέ
462 715 520 807 σφ’
535 717 606 787 ὑπὸ
627 716 731 786 κύκλα
750 712 840 804 θῆλυ
856 719 893 782 Il.
909 719 1022 784 XVIII.
1040 719 1116 786 375.
1140 722 1191 784 ubi
1208 718 1381 787 Sebolieste

262 825 353 897 τινὲς
373 818 432 909 ὑφ’
452 822 492 890 ἓν
513 819 558 896 οἷς
579 815 769 899 ὕποπόιλια,
799 843 857 905 quo
883 823 980 905 aptius
1008 833 1054 888 est
1082 824 1265 916 exemplum·
1280 822 1381 912 περί-

261 925 399 1004 centor,
422 926 598 1010 σμίογοὶιυς
628 929 662 990 oi
683 920 716 990 (λ’
737 921 910 1010 τίπομαζολ
929 961 974 974 -
994 923 1215 1012 φοινίσοοντο
1239 926 1330 990 Bion.
1352 925 1377 990 I.

261 1025 318 1096 26.
348 1027 398 1092 nbi
421 1027 547 1092 bustole
572 1048 646 1111 opus
667 1027 804 1100 videtur,
835 1037 870 1090 ut
897 1036 929 1090 et
950 1027 983 1091 in
1006 1026 1146 1112 Gregorii
1168 1028 1246 1092 Nez.
1272 1027 1377 1094 Germ.

261 1129 376 1196 XLIX.
395 1127 469 1192 114.
487 1128 532 1216 D.
546 1129 604 1196 καί
619 1127 741 1215 μίμων
759 1141 920 1213 σιιεροῑσι
936 1129 1023 1212 (fort.
1043 1131 1211 1217 σκιρροῑοι
1229 1151 1257 1194 s.
1280 1133 1380 1216 σκλη-

262 1234 367 1320 ροῑσι)
397 1229 628 1320 ῥαπίσμασιν,
661 1229 712 1304 οἷς
739 1221 912 1316 ὑπονόρση
939 1233 1145 1317 γυμνοῦται.
1189 1232 1224 1296 In
1252 1233 1289 1296 II.
1318 1233 1377 1297 XI.

263 1333 339 1400 635.
364 1327 424 1400 δύο
445 1327 479 1399 δ’
495 1331 564 1400 eino*
586 1331 766 1419 πυθμένες
786 1325 875 1417 ἦσαν
895 1333 1031 1408 fuerunt,
1055 1335 1105 1419 qui
1121 1331 1381 1420 ὑποπυθμένες

263 1437 433 1501 scriberent
454 1436 606 1519 epitheton
629 1456 697 1500 esse
718 1434 778 1498 ruti
802 1457 857 1520 pro
877 1431 1158 1523 ὑποπυθμένιοι,
1187 1439 1239 1502 sed
1262 1439 1292 1502 it
1316 1439 1379 1502 Eu·

262 1538 390 1604 stetbins
412 1560 442 1623 p.
462 1535 545 1613 869,
566 1537 598 1603 8.
623 1536 737 1600 dubitet
757 1555 797 1598 eu
818 1549 1079 1623 proparoxytonos
1101 1540 1297 1604 scribendum'
1315 1541 1375 1618 sit3

263 1639 301 1706 dc
329 1639 517 1706 substantivo
543 1633 766 1726 ὑποπυθμήν
795 1659 884 1703 nemo
911 1639 1032 1704 illorum
1063 1641 1212 1726 cogitasse
1240 1641 1377 1718 videtur,

262 1764 361 1828 neque
381 1735 556 1831 περιχθιίν
576 1741 610 1804 in
631 1741 684 1806 iIIo
705 1742 802 1806 altero
824 1740 891 1806 Ioco
912 1741 957 1806 sic
978 1730 1169 1828 interpreteti
1188 1753 1279 1822 sunt3
1305 1766 1378 1828 quo-

260 1867 330 1910 rum
351 1857 492 1910 neutrum
517 1845 553 1908 eb
574 1843 712 1928 euelogie
734 1843 898 1908 abborrere
921 1845 1063 1910 arbitror.
1109 1845 1222 1910 Verum
1246 1845 1295 1908 bis
1324 1867 1379 1910 en·

262 1949 370 2032 gustiis
392 1946 557 2031 implicatos
579 1947 659 2010 subit
680 1947 739 2010 elie
760 1967 832 2010 oure
853 1947 889 2010 de
910 1945 1093 2012 verbalibus.
1138 1948 1259 2012 Etenim
1284 1948 1312 2012 si
1335 1949 1379 2010 di-

263 2051 343 2114 eitur
363 2042 468 2117 ἐδόκει
489 2046 608 2122 αὐτοῖς
627 2045 734 2123 πολιίς
755 2045 773 2114 ὁ
791 2042 985 2136 παροίλογος
1002 2049 1093 2116 εἶναι
1113 2050 1164 2116 vel
1181 2049 1296 2137 μέγαν
1316 2047 1378 2118 τόν

138 2197 145 2227 i
261 2146 459 2240 παράλογον
480 2151 642 2241 παρέσχε,
670 2151 699 2216 iu
721 2150 940 2216 substantivum
962 2172 1029 2216 esse
1051 2161 1174 2236 apparet
1197 2153 1377 2230 manifesto,

261 2257 315 2320 setI
336 2266 437 2320 utrum
459 2255 622 2340 syntbeton
644 2255 687 2318 sit
710 2275 749 2318 en
770 2253 1026 2339 peresynbbeton,
1057 2257 1232 2339 conjecture
1255 2255 1378 2338 quaeri·

261 2379 328 2424 ntus
349 2357 483 2442 ancipiti.
529 2356 605 2422 Nem
629 2365 661 2420 ct
683 2355 792 2440 prioris
813 2356 934 2440 generis
958 2356 1097 2440 exempla
1125 2367 1233 2422 extem
1260 2353 1378 2445 παροί-

260 2473 371 2547 ψογος
399 2460 592 2546 (vituperatio
620 2458 771 2542 oblique),
802 2457 1031 2544 παρέπαινος,
1057 2457 1231 2548 ἐπέλεγχος
1254 2471 1307 2536 et,
1338 2482 1376 2524 ne

261 2562 381 2648 lougius
403 2563 555 2638 obeamus,
579 2555 760 2646 πρόλογος,
782 2558 948 2646 ἐπίλογος.
981 2559 1045 2644 Nec
1066 2581 1136 2624 rnre
1157 2562 1377 2648 parasyntbeta

261 2687 303 2732 ex
327 2666 382 2730 bec
406 2665 471 2750 ipse
495 2663 605 2728 familie
632 2659 809 2749 ου’λλογος,
835 2655 1007 2749 διάλογος,
1030 2659 1233 2750 κατάλογος,
1266 2677 1300 2730 et
1322 2669 1376 2732 ἔκ-

259 2769 360 2855 λογος
386 2788 520 2851 quoque‚
555 2787 613 2850 qno
638 2765 804 2851 Aeschylus
831 2785 904 2828 usus
932 2775 979 2828 est
1004 2787 1057 2849 pro
1084 2762 1252 2853 διήγησις,
1284 2779 1375 2854 atque

260 2864 429 2954 α’πόλογος
441 2867 503 2953 ¹⁰¹)
526 2867 583 2931 bue
602 2867 762 2932 referenda
780 2866 933 2931 videntur.
972 2866 1084 2948 Quibus
1103 2865 1304 2957 nequiores
1326 2873 1375 2936 ed·

262 2991 423 3038 numerere
440 2969 552 3045 licebit,
571 2971 598 3033 si
615 2971 720 3046 verbo,
738 2970 816 3032 unde
835 2969 1001 3034 derivatum
1018 2981 1076 3046 est,
1096 2972 1264 3036 tribuemus
1280 2973 1375 3058 signi·

259 3074 429 3140 ficationem
457 3093 543 3156 quem
569 3071 660 3158 vulgo
686 3069 975 3159 παραλογίζεσθαι
1003 3072 1102 3137 hebet.
1147 3073 1255 3158 Neque
1284 3075 1374 3140 aliter

260 3176 427 3270 babendum
452 3177 488 3239 de
513 3172 667 3262 ἐπίλογος
691 3185 722 3238 et
743 3169 928 3260 τίπόλογος,
959 3173 985 3236 si
1009 3175 1053 3238 ite
1078 3175 1188 3240 dieitur
1209 3175 1373 3265 ἐπίλογον

259 3279 443 3350 ποιοῦνται
463 3269 594 3351 ποίντες
611 3273 672 3344 τόν
690 3270 807 3356 αὐτόν,
829 3286 860 3339 et
882 3268 993 3349 οὐδείς
1012 3269 1181 3366 ιίπόλογος
1200 3278 1244 3369 τῇ
1262 3280 1372 3370 βουλῇ

259 3381 397 3473 γέγονεν
415 3375 495 3452 οἷντλ
511 3380 575 3448 τοῦ
592 3375 736 3468 οιίιλεμίο
754 3372 937 3466 συγγνώμη
953 3379 1041 3448 Pbot.
1052 3377 1116 3468 ¹0²)
1147 3381 1274 3462 Cetera,
1298 3403 1370 3470 ques

262 3571 472 3586 m

330 3687 392 3754 tot)
412 3679 529 3741 Ἀλκίνου
547 3674 682 3755 ἐπίλογοι
697 3683 884 3754 Lexieogrepbi
901 3685 984 3738 nostri
1000 3685 1066 3738 miro
1084 3677 1173 3738 errore
1193 3686 1365 3756 interpreten-

259 3781 306 3826 tur
322 3773 496 3824 narrationem
517 3772 548 3824 de
564 3771 680 3823 Alcinoo.

330 3876 392 3939 1⁰2)
413 3870 463 3926 Ἔν
484 3869 611 3946 ίπολίγῳ
633 3871 704 3928 εἶναι
726 3875 782 3926 sive
798 3875 944 3930 ποιεῖσθαι
964 3889 992 3928 u.
1011 3873 1144 3926 Heindorf.
1164 3876 1361 3946 ebProtcg.1e

125 4001 129 4008 .
186 3985 192 3992 ,
259 3958 320 4024 eto.
339 3961 385 4011 vix
401 3960 514 4012 discerni
532 3967 616 4028 potest
634 3960 666 4011 ab
683 3959 811 4025 adjectivo
826 3957 965 4031 ίπόλογοι,
987 3967 1018 4012 ut
1034 3960 1129 4029 Lysias
1147 3963 1214 4026 dixit
1231 3962 1280 4034 οὔχ
1299 3961 1363 4018 ίπί-

257 4039 338 4114 λογον
354 4041 420 4100 ὄντα
437 4062 483 4112 pro
501 4040 548 4100 οίι
565 4043 596 4099 ἐν
611 4042 697 4116 λόγῳ,
715 4054 743 4099 ct
758 4047 868 4114 Appiae.
884 4046 941 4098 Ciu.
959 4045 991 4098 II.
1010 4048 1068 4100 116.
1088 4048 1119 4103 ἐν
1136 4043 1286 4120 παραλόγῳ
1303 4069 1362 4117 ποι-

258 4120 374 4195 οίμινοι
393 4131 539 4183 absurdum
552 4129 691 4198 judicem.
728 4117 865 4198 Aoj'ecttve
882 4147 983 4200 quoque
1000 4141 1064 4185 sunt
1080 4149 1248 4188 nummorum
1265 4136 1359 4188 nonius

257 4203 391 4286 πρόλογος
407 4223 435 4268 ot
450 4213 594 4288 ιίιιιίλογοτ.
