2914 4882
275 331 347 413 56ss
627 329 943 398 ntssnnuattu
976 331 1015 399 V.

277 515 359 592 nuit,
389 512 547 600 quominus
578 511 611 575 in
632 509 831 576 Andromaebi
852 532 946 577 versu
965 509 1069 577 Anut.
1086 443 1113 577 b
1133 512 1221 599 pto
1242 515 1274 581 Τ.
1285 517 1353 585 XIV.
1411 549 1412 606 j

159 665 164 676 .
276 618 334 686 teob
355 614 501 704 λίβανον
526 609 663 702 ,ιιίσγοισ
689 612 748 680 καί
776 609 922 702 α’γλαΐην
950 605 1103 700 στήσαιο,
1125 615 1179 682 boo
1198 619 1353 705 adjectivum
1411 611 1412 618 ί

277 740 345 785 esse
367 727 527 794 statueret,
551 717 630 788 ἴσως
653 711 718 801 την
745 712 889 803 ιίνλαΐην
916 714 1080 784 ἐπίθετον
1106 717 1167 786 τοῦ
1186 721 1353 809 λιβανωτοῦ

275 821 321 910 τῷ
346 818 544 888 συντιθέντι
561 815 626 903 την
644 816 793 908 ἐλεγείαν
814 817 904 894 ἔδοξε
921 826 1138 908 προσθεῖναι,
1160 821 1234 886 idem
1246 824 1354 886 fortasse

279 923 401 989 Gratiae
436 941 545 986 nomen
576 915 712 1008 Ἀγλαίη
741 920 920 1006 adjectivum
953 943 1021 986 esse
1044 924 1246 1010 s,opinatus⁷⁸).
1288 924 1356 1004 Quod
1413 945 1414 1016 p

275 1039 311 1092 nt
331 1048 434 1111 parum
456 1024 610 1087 fundatum
631 1023 912 1098 videatur,tamen
934 1025 1079 1089 dubitatio
1101 1026 1233 1091 subsistit
1249 1028 1278 1090 in
1299 1027 1354 1090 aliis
1413 1019 1414 1064 ³

271 1131 334 1217 jam
355 1127 519 1213 antiquitus
541 1137 633 1189 mota.
679 1124 789 1189 Sobel.
804 1123 840 1188 11.
858 1123 913 1188 iX.
934 1125 1009 1192 240.
1027 1132 1064 1196 to
1084 1127 1170 1219 δοιῇ,
1192 1133 1228 1195 ἐν
1244 1127 1356 1216 deosop-
1414 1156 1415 1204 ι

273 1231 340 1321 pepi·
371 1228 621 1317 περισπαστέον
647 1225 694 1293 δι’·
726 1224 841 1314 δοτική
877 1225 941 1316 κοίη
974 1223 1169 1304 α’κόλονθος
1192 1225 1302 1315 εὐθείᾳ
1318 1228 1354 1315 τῷ

241 1397 243 1402 .
274 1328 377 1414 δοιός,
402 1325 444 1399 od
463 1329 503 1399 τό
522 1327 676 1418 θηλυκόν
702 1325 792 1416 domi,
822 1351 880 1416 quo
913 1353 1056 1397 concesso
1086 1335 1189 1397 eodem
1215 1332 1355 1416 adspirabit
1415 1366 1416 1384 ο

274 1428 407 1523 διπλόη,
432 1436 508 1520 quod
531 1434 589 1498 etsi
615 1432 830 1497 contractionis
857 1453 952 1518 aeque
979 1455 1089 1519 expers
1119 1445 1166 1500 est
1191 1456 1225 1499 ac
1251 1432 1353 1521 μηλία,

274 1552 375 1606 tamen
398 1537 573 1602 Eustatbius
604 1557 634 1620 p.
658 1531 735 1607 427,
757 1534 811 1602 24.
837 1547 867 1600 et
888 1535 964 1612 934,
987 1533 1040 1600 36.
1066 1559 1132 1602 oum
1155 1533 1280 1617 κεστός,
1308 1540 1354 1603 ία-

272 1635 344 1720 νός,
365 1638 488 1728 η’μίρα,
511 1636 648 1725 σταδίη,
673 1632 880 1725 αὐτοσταδίῃ
908 1651 1079 1723 comparat,
1109 1663 1172 1705 non
1200 1641 1290 1705 solnm
1314 1638 1355 1700 ubi

272 1738 392 1831 διπλόη
414 1745 535 1832 χλαῖνα
553 1741 618 1806 sive
641 1738 770 1814 διπλοίς
792 1743 962 1819 denotatur,
985 1743 1037 1806 sed
1059 1745 1150 1808 etiam
1172 1744 1203 1807 in
1225 1741 1356 1828 significa-

272 1850 355 1912 tione
382 1844 544 1932 qualitatis.
596 1843 685 1907 Aliud
718 1844 888 1929 exemplum
917 1845 1083 1932 Hesychius
1112 1848 1250 1931 praebet:
1279 1846 1356 1912 Σπα·
1417 1879 1418 1890 1

270 1949 352 2018 νίαν
375 1945 439 2034 την
465 1940 686 2032 σπανιότητα,
712 1943 755 2020 οἷς
780 1942 879 2014 ὁσίαν
902 1944 967 2033 τήν
986 1942 1163 2038 ὁσιότητα,
1193 1971 1248 2034 quo
1275 1944 1356 2010 deoda-

272 2073 342 2120 rare
379 2052 499 2118 videtur
526 2061 684 2134 utrumque
713 2069 781 2113 esse
808 2049 1011 2134 adjectivum,
1040 2051 1145 2135 prius,
1176 2061 1210 2116 ut
1235 2071 1317 2124 reor,
1341 2067 1356 2110 a

273 2145 403 2228 σπανός
418 2155 556 2233 duetum3
578 2173 675 2235 neque
698 2151 828 2215 dubitem
849 2147 937 2232 ὁσία,
960 2147 1070 2241 ὀλβία,
1091 2151 1256 2240 μακαρία,
1281 2147 1355 2226 tidie,

271 2253 410 2338 σίπαξία,
434 2253 555 2332 οίναξίοι
580 2255 625 2337 (v.
650 2253 748 2338 Heyn.
773 2255 821 2317 ad.
845 2253 942 2340 Epist.
967 2255 1064 2319 Eneb.
1089 2279 1117 2321 e.
1142 2255 1213 2342 36.)
1239 2256 1270 2318 in
1290 2254 1356 2316 bunc

271 2363 429 2429 admittere
455 2379 625 2424 numerum.
670 2353 783 2420 Verum
814 2355 871 2420 huo
899 2357 1032 2421 deductis
1054 2380 1166 2424 vereor
1194 2379 1231 2422 ne
1259 2353 1357 2420 difficile

271 2468 312 2533 sit
334 2466 456 2552 gradum
479 2461 630 2526 sustinere
655 2457 705 2523 via
726 2457 840 2521 lubrica
872 2470 903 2522 et
928 2461 1094 2546 praecipiti.
1150 2460 1224 2527 Nam
1255 2467 1358 2546 praeter

269 2569 333 2645 illa,
358 2588 432 2652 quae
449 2567 513 2650 jam
535 2582 678 2648 percursa
699 2570 791 2637 sunt,
822 2561 952 2646 undique
973 2564 1143 2628 redundant
1163 2561 1356 2630 vocabulorum

268 2673 382 2736 formae
404 2667 566 2751 ancipites=
591 2660 763 2754 οίρμονία,
793 2661 999 2751 οίναιιτορία,
1023 2663 1220 2754 ἐλευθερία,
1242 2671 1357 2733 ἐπικοσ-

254 2771 338 2861 Ι(οἶα,
361 2766 497 2859 ἦσνχία,
522 2764 649 2845 ἱκεσία,
675 2759 1059 2855 ἰσημερίαικιρτομία,
1081 2767 1247 2860 μειλιχιά,
1267 2762 1355 2846 ξενία,

268 2871 434 2959 οἷκονρία,
462 2867 656 2960 παρθινία,
687 2867 846 2957 σωτηρία,
868 2867 1049 2959 ν’πορτερία
1074 2875 1255 2960 (superbia),
1277 2864 1358 2957 φιλία

269 2989 327 3043 cte.
351 2997 427 3061 quac
448 2973 476 3038 si
496 2973 630 3037 actiones
653 2983 684 3037 et
704 2973 861 3057 qualitates
884 2974 1065 3059 significant,
1089 2997 1150 3039 non
1166 2997 1220 3061 pro
1238 2975 1358 3038 substan·
1419 2977 1421 3052 ξ

268 3081 340 3145 tivis
364 3079 417 3144 scd
438 3078 623 3142 substantiva
643 3095 731 3152 csse,
755 3065 935 3141 communis⁸
953 3087 1000 3142 est
1031 3079 1187 3142 doctorum
1209 3074 1356 3142 sententia
1420 3091 1421 3116 t

267 3183 372 3267 Neque
395 3202 451 3267 ego
472 3180 525 3244 iila
546 3189 650 3246 vetere
675 3178 863 3262 possessione
892 3180 1050 3245 deturbare
1077 3183 1221 3245 conabor.
1266 3177 1318 3242 Sed
1336 3173 1358 3239 si

269 3287 334 3374 quis
356 3297 457 3349 tamen
480 3282 537 3347 hue
559 3281 699 3347 audaciae
719 3282 872 3365 procedat,
896 3303 957 3346 non
977 3279 1065 3348 video
1087 3285 1193 3368 quibus
1214 3297 1357 3367 argumen-

268 3390 308 3456 tis
328 3387 455 3466 reiutari
481 3385 585 3472 possit.
628 3383 704 3448 Nam
726 3383 773 3460 si,
797 3394 831 3447 ut
852 3383 986 3469 plerique
1009 3387 1220 3467 consentiunt,
1250 3383 1358 3468 δαιμο-

267 3491 325 3582 νίᾳ
349 3503 380 3558 et
395 3488 564 3576 θεσπεσίη
585 3507 646 3550 non
667 3485 757 3550 aliter
777 3507 811 3552 se
834 3487 944 3550 babent
966 3509 1002 3552 ae
1024 3487 1183 3576 δημοσίᾳ,
1205 3487 1285 3575 ἰδίᾳ,
1302 3507 1358 3549 νοι-

266 3595 331 3690 νῇ,
364 3593 450 3688 ἐτεῇ,
473 3593 542 3680 quid
563 3588 690 3658 rationis
719 3589 777 3654 diei
797 3600 907 3675 potest,
936 3611 991 3656 cur
1017 3593 1186 3686 μοιλιχία,
1209 3583 1357 3683 apperte,
1420 3593 1421 3622 λ

266 3775 477 3790 m—

336 3889 382 3955 te)
400 3893 507 3959 Φαέννη
522 3898 550 3943 et
568 3887 664 3957 Κλὴτα
685 3888 835 3942 Gratiarum
854 3890 956 3942 nomina
975 3895 1037 3940 sunt
1055 3887 1203 3956 adjectiva
1219 3878 1323 3955 Ἀγλαΐα
1338 3878 1357 3928 ti

266 3975 459 4028 substantivum
477 3984 533 4039 est,
562 3991 619 4029 cum
637 3977 696 4028 aliis
720 3977 825 4028 dearum
849 3975 1040 4042 cognominibus
1056 3968 1170 4044 Ὕηίιια,
1190 3967 1285 4038 utta.
1303 3979 1357 4018 ⁰⁰³¹·

267 4063 327 4142 poni
344 4063 428 4116 debet.
465 4063 535 4114 Deae
554 4079 660 4126 nomen,
680 4077 745 4132 qnae
760 4061 922 4115 Pistbetaero
940 4061 1023 4126 ¹nubit
1039 4060 1121 4114 Arist.
1137 4060 1204 4112 Avv.
1230 4055 1304 4110 1533.
1319 4053 1357 4102 bot

265 4150 321 4201 loco
338 4156 367 4288 pt
379 4151 464 4202 tribus
476 4151 642 4218 sequentibus
656 4145 788 4205 Βασιλεία
802 4149 936 4211 scribitur,
957 4147 1045 4210 semel,
1065 4143 1132 4214 qno'd
1148 4152 1260 4198 metrum
1277 4137 1359 4232 pettit.¹

265 4239 339 4292 Βαοί
356 4256 407 4294 ιτα.
631 4245 633 4250 “
