2926 4886
235 349 309 418 oon
413 347 435 402 .·
471 395 474 402 .
530 395 533 402 .
581 306 902 410 nrssnnrnrro
925 343 991 410 ιιι.

173 595 181 599 ,
205 557 208 570 .
236 553 340 618 καρσς
361 526 516 591 dicebatur
535 523 645 589 fluvius
668 523 860 601 Salaminius,
884 523 961 607 quod
982 543 1092 588 nomen
1108 522 1186 588 idem
1199 535 1285 590 recte
1299 524 1346 588 iu·

237 639 423 715 terpretatur
449 627 663 716 βσνκὲφαλσς
696 649 728 692 v.
762 625 892 710 luterpp.
926 627 963 690 ad
985 625 1060 712 Lyn.
1084 625 1160 690 451.
1190 638 1225 691 ut
1253 627 1347 711 vulgo

238 731 323 796 fluvii
344 731 415 814 fingi
445 731 545 794 solent
573 725 813 815 τασρόκρανοι.
859 726 1011 812 Simplicia
1038 751 1112 793 vcro
1139 729 1204 812 ipsa
1233 731 1270 793 ad
1297 749 1347 792 sc·

109 853 112 861 ·
239 835 365 900 cundam
387 831 616 896 declinationem
648 833 791 895 translata
819 851 886 894 esse
919 851 980 892 nou
1011 841 1148 908 constat3
1178 853 1246 895 nom
1269 831 1349 915 quod

152 949 156 957 '
240 939 345 1002 Suidas
368 935 458 998 tradit
479 935 657 998 anadrcmae
681 933 863 1016 exemplum,
887 930 973 1020 ὑπὲρ
989 920 1139 1020 θέναρος
1153 928 1232 1021 παρ’
1243 928 1351 1020 Ὁμή-

239 1065 285 1127 ρῳ
309 1030 551 1128 ἐσχημάτισται
566 1034 615 1110 'cir
636 1035 782 1123 πέλαωως
806 1031 1000 1120 οὐδετέρως,
1024 1037 1264 1100 commenticium
1286 1045 1349 1100 est.

240 1141 299 1206 Sed
331 1140 561 1224 compositurum
589 1161 651 1203 non
680 1159 740 1202 una
768 1139 883 1201 forma:
918 1134 1115 1225 α’μφικαρὴς
1152 1138 1279 1202 Nicaud.
1305 1138 1349 1200 ci.

240 1243 341 1309 Schcl.
366 1243 475 1328 Odyss.
499 1244 542 1310 P·
563 1241 639 1308 231.
663 1237 812 1326 despatio,
836 1238 1013 1327 δικέφαλος
1032 1232 1111 1305 Lex.
1135 1241 1216 1306 rhet.
1240 1240 1353 1304 Eusta-

240 1347 296 1410 thii
316 1368 346 1430 p.
372 1343 449 1420 947,
472 1341 526 1409 28.
552 1365 717 1428 quanquam
747 1343 821 1405 haec
850 1344 886 1406 ad
916 1344 991 1407 alios
1014 1344 1217 1408 nominativos
1238 1342 1353 1406 referri

242 1459 386 1534 possunt3
409 1445 624 1525 πανείὸατος,
647 1444 903 1525 λεντσστίατσς,
923 1444 1162 1533 λσσκηπατίας,
1184 1440 1356 1529 πανημά-

241 1573 325 1624 τιος,
347 1541 575 1628 κίττσνθάτισς,
598 1545 842 1633 δσςδάμαρτσς.
889 1548 1050 1634 Adjeotivi,
1075 1551 1151 1633 quod
1169 1549 1201 1612 in
1222 1536 1274 1634 op
1290 1561 1356 1612 ter·

242 1654 393 1726 minatur,
423 1652 504 1714 unici
534 1671 629 1735 genus
658 1662 797 1715 neutrum
826 1652 978 1735 reperitur
1005 1652 1038 1715 in
1066 1652 1193 1736 obliquis
1217 1651 1353 1728 adsidue,
1456 1631 1457 1656 ³

242 1750 409 1842 μακάρων
439 1752 541 1818 ἐτέων
570 1753 662 1816 anch.
694 1752 757 1817 Pal.
791 1752 846 1816 lX.
871 1775 903 1816 n.
928 1753 1003 1818 424.
1032 1747 1199 1840 μακάρων
1226 1759 1356 1821 τεκέων

242 1852 319 1930 Διός
340 1856 440 1918 Νοσσ.
468 1855 556 1918 XXl.
580 1855 655 1921 261.
681 1855 739 1918 nisi
761 1855 817 1919 hoc
839 1855 959 1940 synesis
989 1859 1110 1921 nomine
1132 1858 1356 1932 excusandum,

242 1959 339 2034 illud,
370 1969 405 2020 ut
433 1958 584 2022 Brunckio
614 1956 731 2032 visum,
767 1979 833 2020 cum
861 1960 1002 2045 μακράν
1031 1960 1271 2024 commutandum
1300 1971 1359 2022 aut

195 2135 197 2142 ¹
243 2073 402 2144 utrumque
427 2083 445 2124 a
466 2061 649 2124 nominativo
671 2055 826 2146 μάκαρος
855 2063 975 2126 ductum
998 2072 1066 2139 est,
1091 2063 1140 2146 qui
1161 2062 1280 2146 saepius
1310 2061 1358 2126 le·

244 2165 325 2249 gitur
345 2153 385 2226 ¹in
408 2165 651 2248 inscriptionibus
679 2185 711 2227 v.
736 2163 855 2226 Buecklr
878 2164 913 2226 Τ.
939 2163 1062 2228 1449.
1087 2166 1117 2229 h.
1149 2163 1358 2248 Comparatio·
1456 2213 1457 2238 ,

244 2267 293 2330 uis
321 2267 459 2350 exempla
488 2287 635 2351 perpauca
666 2275 738 2329 suut
766 2262 985 2353 μακάρτατος
1019 2277 1051 2330 et
1081 2258 1261 2354 ἐάρτατσς,
1296 2287 1358 2330 nee
1447 2339 1453 2358 .

147 2365 151 2372 ’
244 2369 338 2432 multa
361 2369 556 2433 derivationis
581 2367 847 2455 τεκμαίρεσθαι,
874 2367 1026 2456 ι’·αρίζειν,
1054 2367 1266 2459 μακαρίζειν,
1287 2392 1358 2455 μν-

243 2474 398 2562 μαρίζειν
421 2472 551 2559 Hesych.
623 2481 629 2496 ¹

755 2660 783 2743 ς.
807 2659 840 2727 2.

333 2778 367 2842 ln
391 2766 433 2865 op
449 2777 532 2841 nulla
553 2798 661 2842 vocum
683 2799 860 2862 graecarum
883 2779 960 2859 exit,
984 2801 1060 2864 quae
1081 2780 1198 2865 quidem
1220 2781 1252 2845 in
1275 2803 1360 2846 com·
1456 2805 1457 2810 ¹

246 2903 371 2948 munem
396 2902 482 2945 usum
511 2890 649 2964 receptae
679 2891 768 2956 sunt;
804 2881 920 2969 ydoneo
949 2881 1115 2946 laconicum
1145 2894 1210 2960 est,
1240 2883 1359 2971 κέστερ

246 2982 386 3057 νεανίας
410 2982 540 3068 llesyclr.
565 2983 592 3045 si
611 2983 718 3046 mendo
741 2995 845 3061 caret,
874 2985 1032 3069 argivum
1060 3007 1113 3071 pro
1129 2981 1268 3076 Ἠσιχερ
1291 2989 1358 3072 -jam

246 3086 299 3152 alii
321 3085 508 3171 scripseruut
529 3081 647 3173 ῆσίχηρ
670 3085 836 3161 aeclicum;
859 3109 985 3172 peregre
1007 3087 1098 3152 allata
1119 3100 1190 3154 sunt
1203 3091 1358 3175 proprium

247 3185 370 3272 Μάκερ
394 3186 473 3250 Plut.
500 3187 537 3249 V.
563 3188 627 3251 Cic.
654 3189 710 3252 lX.
734 3198 766 3253 et
786 3187 965 3272 appellativa
984 3185 1105 3276 μάκερ,
1125 3191 1188 3258 τοῦ
1208 3183 1361 3278 μάκερσς

248 3289 355 3355 Galen.
381 3289 417 3353 de
439 3289 543 3375 Simpl.
566 3291 646 3355 Med.
672 3293 742 3355 Fac.
768 3291 833 3354 Vll.
860 3291 912 3368 12,
937 3289 991 3356 du.
1009 3291 1111 3356 Diosc.
1135 3295 1209 3358 Mat.
1233 3294 1257 3360 l.
1281 3294 1357 3360 110.

246 3393 324 3477 quod
343 3404 374 3457 ct
398 3387 519 3480 μάκαρ
543 3394 653 3461 dicitur
673 3394 796 3458 Arriam
826 3393 870 3457 M.
896 3393 1022 3492 Erpdrr.
1047 3417 1077 3480 p.
1103 3394 1175 3460 148.
1209 3409 1242 3462 ut
1264 3397 1359 3462 latine

136 3521 142 3537 κ
248 3497 359 3570 σισσίν,
382 3492 496 3581 λάσσρ,
518 3495 674 3586 ζίγνιβερ.
696 3535 739 3546 -
788 3493 841 3562 Τά
863 3499 910 3570 εἰς
932 3521 980 3582 ειρ
1005 3495 1092 3584 u‘rndp
1116 3498 1204 3586 μίαν
1231 3501 1363 3592 συλλα-Ι

246 3594 316 3685 βήν
342 3593 506 3686 α’σωνήθη
527 3599 607 3686 μέν,
628 3589 883 3686 propalarentur,
904 3599 1044 3688 Βίχειρ,
1068 3599 1218 3688 Σάπειρ,
1239 3595 1359 3670 Ἐλεά-

246 3704 322 3786 ζειρ,
345 3699 481 3788 Λίγειρ,
503 3702 632 3789 ἐλάτσιρ
660 3703 769 3768 Arcad.
794 3724 823 3786 p.
847 3699 902 3774 2⁰.
926 3723 1052 3784 quorum
1075 3717 1205 3792 quatuor
1225 3705 1321 3790 prima
1343 3726 1361 3768 a

248 3801 398 3886 Stephano
431 3826 458 3868 s.
489 3805 607 3896 Βίχσιρ
635 3815 667 3870 ct
698 3807 799 3891 Etym.
830 3805 872 3868 Μ.
899 3803 973 3885 107,
1004 3805 1057 3871 36.
1090 3807 1276 3884 afferuntur;
1306 3829 1360 3891 pru

249 3915 402 3989 postremo
422 3910 625 3990 reponendum
654 3907 775 3970 videtur
801 3906 980 3970 alterutrum
1003 3930 1125 3990 eorum,
1155 3931 1231 3994 (prae
1250 3910 1357 3994 Etym.

248 4007 402 4090 adjungit:
428 4000 586 4094 εἰνάτειρ,
602 4001 752 4095 Ἐλάτειρ
767 4002 934 4093 ποταμός·
953 4030 1049 4094 neque
1064 4023 1165 4076 tamen
1180 4011 1360 4078 obliviscen-

248 4109 338 4182 dum,
371 4108 478 4172 horum
499 4109 602 4194 prius,
632 4113 716 4195 majus
745 4132 888 4176 numerus
916 4111 984 4196 sing
1015 4115 1077 4180 aris
1110 4135 1172 4178 non
1193 4113 1357 4198 reperitur,

248 4211 284 4272 ab
315 4211 485 4275 Herodiano
512 4211 637 4296 aliisque
670 4213 956 4292 Grammaticorum,
983 4237 1057 4300 quus
1080 4216 1283 4304 Gcettlingius
1305 4237 1359 4278 uo·
