2914 4882
172 315 373 384 crocum
388 272 544 384 somer.
562 315 756 390 ausuum.
774 315 866 386 em.
880 317 1015 386 auore.
1030 319 1107 404 §.a
1153 320 1225 395 aaa

111 497 188 564 317.
212 497 248 561 C.
274 496 381 562 Galen.
401 495 477 580 Eup.
500 495 538 560 ll.
563 495 602 572 3,
626 493 702 564 303.
726 507 785 562 etc.
802 497 850 582 ²³)
888 497 961 562 Post
981 507 1028 562 tot
1047 507 1147 564 autem
1169 520 1225 566 ex·

111 599 210 686 ampla
228 599 293 684 quis
313 599 503 667 cunctabitur
520 617 631 665 nomeu
648 599 765 666 arboris
780 598 907 688 κρανία
921 609 1060 686 repetere
1077 601 1223 679 alructu,

110 701 162 786 qui
184 692 310 790 κροίνος
331 704 481 769 vocatur?
510 701 590 768 uude
611 711 714 778 recta,
742 702 925 780 allicitur,
953 701 1005 770 via
1026 701 1225 788 proficiscitur

108 804 292 890 adjectivum
316 795 488 890 nodosior,
523 804 608 888 cujus
633 803 810 888 femiminam
835 823 976 872 corneam
1003 803 1069 870 sivo
1094 805 1225 874 carnife-

107 899 181 974 ram‘
197 906 389 990 significans,
419 905 447 970 si
468 927 522 990 pro
543 907 732 972 substantivo
754 906 856 984 valet,
888 906 974 972 modo
998 905 1123 994 κρανία
1149 907 1224 976 scri-

105 1009 192 1075 bitur
214 1007 328 1096 Geopp.
353 1007 396 1072 X.
420 1005 481 1084 87,
507 1006 540 1074 4.
571 1010 678 1087 modo,
712 1020 747 1076 ut
773 1007 829 1074 boc
856 1007 922 1074 loeo
950 1008 1035 1074 codd.
1066 1008 1223 1088 exhibeat,

104 1107 234 1198 κρανία
256 1109 398 1198 Hippocr.
416 1109 527 1178 Moehl.
551 1133 581 1200 ρ.
600 1109 674 1176 306.
697 1111 733 1176 Τ.
752 1109 804 1178 111.
830 1108 938 1178 Galea.
963 1111 999 1174 de
1020 1109 1123 1196 Comy.
1141 1113 1221 1182 Med.

104 1234 134 1298 1¹·
169 1212 261 1280 Locc.
286 1211 338 1276 Vl.
364 1211 404 1288 4,
431 1211 507 1278 021.
538 1213 575 1278 Τ.
601 1212 672 1281 Xll.
703 1213 739 1278 dc
763 1213 866 1298 Temp-
892 1211 1054 1308 M⁰l·‹¹V·
1084 1211 1122 1288 8,
1146 1212 1221 1280 648.

104 1316 142 1380 Τ.
162 1313 222 1380 XI.
247 1315 282 1378 de
303 1313 407 1400 Simpl
426 1315 505 1380 bled.
523 1315 589 1382 Vll.
607 1315 660 1383 46.
681 1337 709 1400 ρ.
729 1315 783 1382 41.
808 1317 892 1388 Paul.
911 1313 989 1401 Aeg'.
1006 1313 1073 1380 Vll.
1092 1313 1125 1378 3.
1144 1313 1220 1382 342.

105 1418 249 1482 Dioscor.
267 1417 342 1480 Mat.
362 1415 386 1482 l.
409 1416 484 1483 172.
507 1429 542 1482 ut
563 1416 704 1506 κερααὲα
726 1430 757 1483 et
778 1416 931 1506 κερατία,
952 1413 1105 1486 sudario
1127 1418 1224 1500 (coto-

105 1518 182 1606 nea)
205 1529 236 1583 et
255 1516 476 1602 retortae),
498 1521 586 1584 modo
609 1520 699 1586 etiam
717 1521 972 1592 substantivorum
994 1531 1150 1587 accentum
1173 1541 1222 1590 ae·

105 1623 193 1708 cipit,
217 1613 355 1708 κροίνεια
374 1615 682 1711 προπαροξυτόνως
703 1619 741 1690 cd
763 1615 873 1710 φανόν
893 1621 993 1690 Schol.
1010 1621 1065 1688 Od.
1080 1622 1127 1692 K.
1142 1621 1219 1692 242.

9 1715 11 1724 ’
104 1747 168 1810 quo
198 1736 326 1790 accentu
355 1736 402 1792 est
431 1726 507 1810 apud
535 1725 714 1804 Homerum,
744 1725 982 1812 Theophrastum
1011 1735 1043 1790 et
1064 1722 1150 1794 ,Plat
1181 1723 1219 1792 V.
1265 1721 1266 1724 '

105 1829 197 1896 Rom.
216 1849 243 1890 c.
255 1828 331 1893 XX.
350 1828 400 1896 ahi
417 1827 595 1898 Schaeferus
611 1849 767 1914 perperam
784 1839 1006 1916 paroxytouum
1022 1827 1219 1914 praeterae).

106 1929 141 1996 Si
161 1951 236 1996 vcro
257 1927 341 1994 hasta
359 1929 547 2016 significatur
564 1950 687 2008 cornea,
711 1929 785 1996 nihil
804 1933 945 2008 interest,
965 1941 1066 1998 utrum
1082 1922 1223 2018 κροίνεια

103 2031 259 2100 scribatur
275 2033 476 2118 metonymice
497 2044 531 2098 ut
551 2031 665 2120 μελίη,
688 2055 727 2098 aa
748 2031 900 2124 κρανοία,
922 2055 1047 2120 quorum
1070 2032 1152 2118 prius
1175 2045 1223 2102 est

104 2135 141 2198 iu
163 2134 285 2220 Anytae
310 2145 341 2200 ct
361 2133 466 2200 Niciae
487 2135 733 2222 epigrammatis,
764 2137 892 2206 alterum
917 2135 993 2220 apud
1017 2133 1129 2200 Suidau
1153 2135 1221 2202 vul·
1293 2199 1297 2210 ,

105 2249 219 2322 guture
256 2235 396 2324 κρανοία
417 2232 456 2308 cci
478 2241 513 2304 ίκ
535 2235 691 2328 κρανείας
712 2230 804 2328 δόρν.
848 2237 1016 2326 Hesychius
1041 2231 1149 2326 κοίρνα
1174 2237 1220 2302 iu·

104 2347 295 2426 terpretatur
321 2337 444 2425 κρανία
477 2339 543 2414 sive
571 2336 713 2426 κροίνια,
751 2361 793 2406 ex
823 2362 882 2426 quo
914 2351 1036 2426 apparat
1065 2341 1221 2405 nominum

105 2463 243 2518 eomas,
266 2463 383 2520 οονκα,
407 2441 521 2530 κέρας,
543 2435 706 2530 κραναός,
729 2442 885 2528 coguatio,
908 2463 966 2528 qua
984 2440 1126 2530 κρανίον
1148 2464 1220 2528 quo·

106 2565 166 2628 que
199 2553 232 2608 st
263 2543 370 2610 localia
401 2542 527 2633 Κροίνη
559 2545 625 2612 sivc
657 2541 791 2631 Κρανίς
822 2543 1022 2632 (Theophr.),
1055 2539 1220 2632 Κροίνων,

9 2665 10 2670 ’
105 2643 302 2736 Κράνειον,
332 2641 495 2736 Κροίνιοι,
525 2647 585 2712 uisi
599 2647 710 2712 ,dorica
736 2647 964 2724 intercurrunt,
998 2647 1147 2712 contineri
1173 2647 1219 2713 vi·

105 2750 230 2812 deutur.
276 2750 334 2816 Sed
359 2761 461 2816 cetera
484 2761 616 2814 mutatae
641 2772 708 2814 cum
732 2749 951 2834 significatione
975 2750 1088 2814 formae
1114 2770 1218 2814 exem-

105 2851 154 2936 pla
178 2853 360 2917 commodius
380 2864 445 2916 tum
467 2853 612 2918 reddituri
633 2853 787 2929 videmur,
817 2852 868 2916 ubi
893 2853 930 2917 de
951 2863 1094 2918 accentus
1117 2852 1219 2918 anabi-

105 2953 210 3017 basmo
235 2954 470 3034 absolverimus,
503 2957 588 3044 eujus
612 2955 724 3024 mentio
745 2956 809 3042 jam
833 2955 865 3018 ia
889 2949 1035 3042 proximis
1059 2955 1218 3042 aliquoties

106 3055 221 3142 injecta
244 3066 302 3120 cst.
1251 3053 1253 3058 ’

176 3254 223 3320 23)
245 3253 358 3308 Perrara
378 3263 440 3306 saut
462 3257 564 3312 uomina
586 3259 613 3310 iu
630 3254 662 3327 ἦ,
685 3271 752 3324 qaae
774 3271 855 3324 aeque
879 3257 971 3322 pellem
994 3271 1076 3322 aeque
1099 3252 1217 3307 arborem

105 3341 269 3408 significant,
295 3348 326 3392 ut
341 3336 455 3411 κερδαλῆ
471 3343 578 3410 vulpes,
602 3338 681 3412 ἐχινῆ
696 3338 712 3408 'l
729 3343 843 3412 τραχεῖα
859 3341 953 3393 Arcad.
973 3357 997 3407 p.
1019 3341 1083 3399 112.
1103 3343 1128 3394 4.

175 3427 222 3492 24)
239 3423 272 3477 V.
291 3425 389 3478 Niclas.
408 3427 441 3521 ald
458 3425 553 3494 Geopp.
573 3427 618 3480 lV.
639 3427 732 3489 1,.12.
756 3429 857 3493 Eorta,
877 3424 963 3494 μηίία
981 3427 1037 3478 aive
1055 3421 1139 3493 μηλαί
1159 3439 1215 3474 aaa·

106 3515 167 3581 pius
185 3513 213 3564 ia
229 3513 301 3564 codd.
319 3520 347 3564 et
363 3512 391 3564 iu
406 3513 505 3564 novitia
520 3512 668 3566 Graecitate
682 3511 777 3566 Athea.
793 3513 836 3566 lll.
853 3513 896 3570 82.
913 3511 943 3564 C.
963 3510 1053 3562 Corais
1068 3511 1101 3562 ad
1113 3509 1213 3560 lleliod.

107 3616 134 3668 ρ.
146 3599 210 3655 aet.
237 3598 363 3652 Similiter
373 3593 465 3670 Ἀγίαν
481 3607 508 3650 et
519 3595 606 3667 Ἀγίας
623 3615 649 3650 v.
664 3597 902 3664 Schweighaeuser.
921 3597 954 3650 ad
968 3596 1063 3648 Athen.
1078 3595 1109 3646 T.
1124 3593 1156 3649 ll.
1170 3595 1212 3646 85.

105 3687 238 3738 Macetae
254 3691 282 3736 et
294 3689 421 3740 Μνασέας
439 3685 472 3736 ad
485 3684 575 3754 Polyb.
589 3683 673 3738 XVll.
690 3685 732 3746 14,
746 3685 772 3738 3.
793 3687 900 3738 Φανίας
917 3689 944 3734 et
960 3683 1065 3740 Φανίαν
1081 3679 1212 3732 utitem

106 3770 220 3824 Dissert.
247 3768 298 3822 Sic.
323 3787 348 3838 p.
370 3769 413 3823 78.
437 3772 548 3826 Πασίαν
564 3770 632 3822 Plut.
652 3767 686 3824 V.
710 3770 786 3824 Arat.
806 3768 837 3822 ll.
862 3776 893 3820 at
915 3763 1053 3832 Kallias,
1077 3768 1213 3834 Χαβρίαν,

105 3859 213 3912 Νικίας
230 3855 256 3905 ia
273 3855 402 3922 lapidibus
420 3855 518 3918 atticis,
537 3863 565 3910 et
582 3856 684 3923 saepius
698 3858 805 3912 diarias
822 3862 853 3906 ut
866 3855 995 3921 Κτησίας,
1012 3854 1125 3918 Λυσίαν,
1138 3845 1213 3923 Ἔρο-

105 3941 166 4006 ξίαο
184 3941 224 4006 (et
235 3934 346 4014 Ἔρυξιν
363 3949 394 3993 ut
404 3932 495 4010 Ἄγιν).

176 4026 222 4090 25)
245 4029 378 4096 Κρανείου
401 4023 514 4094 θάμνον
536 4026 618 4082 Noua.
643 4025 732 4080 XXX·
756 4027 817 4084 228.
849 4033 876 4086 et
898 4023 1058 4094 Hamadryas
1081 4019 1214 4092 Κροίνααο

106 4114 202 4166 Athen.
222 4111 265 4167 lll.
286 4111 328 4164 18.
350 4111 402 4164 uisi
421 4113 484 4166 haee
504 4114 590 4182 potius
609 4105 733 4181 Κροίνεια
751 4119 844 4166 vocata
861 4119 917 4172 est3
945 4107 992 4180 τῆς
1006 4113 1130 4178 κρανείας
1146 4109 1211 4162 Eur.

106 4198 216 4252 Phaeth.
230 4197 275 4250 Fr.
290 4197 337 4256 Xl.
353 4195 431 4250 Paua.
447 4198 489 4254 ΙΙΙ.
505 4201 547 4261 13,
562 4201 589 4260 3.
607 4199 673 4256 Pell.
685 4197 718 4252 V.
734 4199 778 4257 20.
797 4195 831 4254 ci
842 4193 966 4265 κράνειαι
980 4197 1059 4264 Orph.
1072 4197 1135 4262 Arg.
1149 4193 1209 4250 tte.
