2926 4886
313 319 372 388 on
396 317 583 386 aornos.
607 320 969 392 canonicatu.
993 327 1022 410 ρ.
1043 326 1076 392 s.
1182 327 1256 398 osu

145 514 234 570 rator
254 523 313 586 quo
334 499 457 566 mimm'e
478 519 552 584 opns
573 509 638 578 cst,
655 508 819 588 'genusque
840 504 1095 570 substantivorum
1115 507 1257 594 multipli-

147 617 236 672 oetm·
254 604 409 668 insuetum
429 612 462 666 et
481 601 619 676 lencm,
643 601 714 686 praie
735 607 794 687 'poc
817 604 943 682 Guneci,
965 617 1005 672 ut
1025 610 1181 694 superiora
1203 631 1258 676 ex·

147 708 247 792 empla
267 705 442 780 declarant,
469 703 625 789 abrotivis
647 705 692 768 uti
715 706 887 772 maluerunt
913 709 1084 794 compositis
1112 723 1165 776 aut
1190 713 1259 776 sub·-

148 807 292 876 stantivis
307 807 471 892 particulae
487 807 647 892 negativae
663 807 847 892 san'unclins
860 805 1019 898 ’Ἀργεῖος
1034 807 1096 878 οὐκ
1109 810 1259 904 Ἁργεῖος

148 909 296 974 Ειι.’θι’.
313 907 389 976 964.
412 901 601 995 ἅνθρωπος
618 903 682 975 otis
698 903 888 997 άνδριιιιοι·
909 913 1020 978 Athen.
1038 914 1108 978 Xll.
1128 913 1203 981 519.
1221 916 1256 980 Β.

148 1010 272 1102 γάμων
299 1006 342 1078 νά
361 1008 789 1100 νάμαν.σαιιιιλαιιμι’ναν
816 1013 927 1078 Julian.
949 1015 1004 1078 Or.
1028 1015 1094 1079 Vll.
1118 1013 1195 1081 288.
1219 1017 1256 1084 G.

147 1126 297 1205 γυναῖκα
317 1111 360 1180 osi
379 1127 527 1202 γυναῖκα
545 1114 618 1178 (led.
635 1113 672 1176 Τ.
690 1113 787 1180 1256.
809 1109 931 1201 ἄνδρας
948 1117 1038 1190 τινὲς
1057 1111 1119 1182 οὐκ
1137 1113 1258 1206 ἄνδρες

148 1219 291 1282 Clemens
304 1217 405 1282 Proh.
418 1215 444 1280 l.
458 1215 490 1280 1.
503 1217 541 1280 It.
564 1212 652 1283 διδν
666 1212 709 1282 ori
721 1210 809 1296 ,θεάν
826 1217 903 1282 Phil.
920 1220 957 1282 cc
970 1220 1048 1284 Mos.
1064 1219 1118 1282 lll.
1130 1218 1205 1284 678.
1217 1223 1256 1286 Α.

148 1341 225 1405 puae
246 1318 433 1403 potissimum
454 1319 491 1384 acl
513 1318 727 1403 epanorthosin
750 1319 903 1403 pertinere
929 1321 1042 1386 indicat
1069 1321 1259 1390 adversativa

147 1443 239 1506 saepe
263 1421 396 1506 apposita
421 1419 520 1504 τέρας
541 1416 584 1486 cai
604 1420 702 1508 τέρας
723 1417 794 1488 oill’
816 1425 888 1508 ἔριν
910 1423 979 1488 Hel.
1004 1422 1100 1488 1134.
1133 1426 1259 1510 ἔρωτας

148 1519 213 1592 οὐκ
234 1527 361 1610 ἔρωτας
381 1517 453 1590 dtt'
470 1519 658 1610 Ἐριννύων
679 1518 795 1612 πάγην
815 1524 967 1610 Lycophr.
984 1523 1059 1590 iffi.
1083 1521 1196 1613 νάρκας
1217 1523 1259 1593 oti

147 1619 260 1714 γάμος
281 1620 353 1693 ἀλλ’
372 1621 464 1705 altalo
485 1626 560 1689 Eur.
584 1625 658 1690 llec.
682 1625 757 1692 948.
785 1644 844 1709 quo
865 1625 931 1690 loeo
952 1618 1065 1714 γάμος
1087 1628 1185 1692 omitti
1206 1651 1258 1714 po·

148 1739 230 1794 terat
250 1726 450 1792 ethnicum.
475 1725 549 1794 193.
573 1722 616 1796 osi
636 1720 752 1817 γάμον
773 1724 858 1797 άλλά
879 1723 949 1797 τιν’
970 1724 1071 1798 άταν.

659 1915 689 1999 §-
711 1914 745 1980 a

233 2034 418 2100 Terminetio
441 2020 491 2109 {a}
513 2035 626 2100 duobus
648 2035 791 2100 adstricta
810 2047 866 2100 est
892 2037 1090 2114 substantivis
1117 2039 1260 2124 simplici·

147 2139 223 2213 bus,
252 2135 342 2226 καρίς
364 2148 396 2202 et
415 2135 520 2212 slsis,
553 2158 679 2220 quorum
704 2137 778 2202 illud
803 2140 1018 2223 compositione
1040 2152 1172 2206 mutatur
1196 2166 1259 2210 κα-

119 2313 121 2318 ,
146 2234 327 2320 semesos,
342 2239 572 2324 ,mosenum
596 2250 628 2304 et
651 2235 874 2325 πααεκνινής
902 2263 934 2305 v.
952 2241 1091 2306 bleineh.
1115 2243 1152 2308 ad
1173 2245 1255 2309 Men.

33 2361 44 2382 ⁸
147 2364 179 2428 p.
199 2341 253 2406 34.
278 2341 405 2408 altem
427 2344 542 2411 minum.
576 2341 742 2428 Hesychius
757 2339 772 2424 ‚'
866 2340 935 2422 'clue
955 2343 1027 2425 (sic)
1049 2338 1186 2432 άζνγας,
1208 2347 1259 2412 nbi

148 2442 296 2533 άκλῄδας
315 2446 493 2522 κιαιιιδκιιιι
521 2441 607 2530 aiulo
627 2443 787 2518 δίκλαιδος
846 2442 915 2530 ’ρας
932 2445 1073 2530 Hippocr.
1091 2447 1256 2526 deJArticc.

148 2547 176 2612 1.
198 2547 255 2614 22.
278 2569 309 2632 ρ.
334 2547 408 2612 144.
432 2549 468 2612 Τ.
491 2547 543 2611 lll.
567 2548 651 2632 quod,
666 2547 712 2610 bis
734 2547 776 2610 ita
798 2548 940 2631 scriptum
961 2548 1072 2632 repetit
1093 2547 1201 2612 Galen.
1225 2550 1259 2614 io

150 2651 266 2717 Gomm.
291 2649 316 2713 l.
339 2649 415 2714 344.
439 2650 476 2715 Τ.
495 2645 593 2714 XVll.
618 2647 712 2714 P..ll.
737 2660 769 2712 et
788 2649 821 2714 in
844 2648 944 2714 Gloss.
969 2671 996 2714 s.
1021 2649 1053 2714 h.
1077 2671 1110 2714 v.
1133 2652 1187 2715 sed
1208 2673 1255 2734 ap.

148 2753 326 2822 Erotianum
353 2763 437 2816 reete
465 2751 622 2827 δικλεῑδις
649 2743 775 2838 θύραι,
809 2751 974 2815 Scholiasta
1001 2748 1139 2836 Hippoer.
1170 2751 1207 2816 Τ.
1230 2752 1255 2818 l.

149 2877 179 2942 p.
200 2855 252 2922 12.
275 2854 337 2941 τῆς
358 2853 520 2935 δικλίδας,
544 2863 576 2919 et
596 2855 687 2939 vulgo
709 2855 824 2918 obtinet
845 2852 1003 2933 δικλίδας,
1027 2856 1111 2939 cujus
1131 2853 1257 2937 primurm

150 2964 257 3024 cesum
273 2957 372 3022 Draco
393 2979 426 3042 ρ.
441 2956 495 3024 56.
518 2959 619 3044 Etym.
639 2958 682 3021 Μ.
704 2954 780 3032 518,
797 2954 851 3020 29.
876 2956 999 3040 periodo
1021 2965 1056 3018 ut
1075 2955 1183 3044 ἐγκλίς
1204 2977 1259 3042 per

149 3081 305 3148 syncopen
328 3069 360 3123 et
380 3059 517 3143 systolen
538 3081 580 3125 ex
602 3058 944 3145 ‹lmlp'lcdelormatum
965 3068 1068 3142 putot,
1098 3058 1258 3124 Passovius

148 3173 248 3226 autem
267 3161 368 3226 minus
386 3162 578 3246 probabiliter
596 3163 724 3227 evenho
744 3159 844 3228 κλίναι
864 3162 993 3245 repetit3
1013 3157 1171 3247 Ιἤριικλιῑς
1187 3159 1258 3228 ucal-

147 3266 208 3338 λας
224 3264 332 3328 Suidas
352 3284 400 3328 ex.
410 3265 516 3348 ignoto
535 3276 658 3328 auctore
677 3264 765 3328 affert
782 3285 836 3348 pro
855 3261 1109 3349 ἡμικλκίστονς,
1131 3265 1258 3348 simplici
1318 3261 1324 3272 ‘
1385 3340 1393 3351 ,

147 3363 210 3440 τάς
229 3367 318 3440 alote
339 3366 547 3432 assimilatum.
584 3366 777 3430 Substantiva
795 3377 896 3430 eutem
917 3362 1092 3448 κατακλιίς
1114 3377 1152 3430 et.
1164 3363 1257 3434 άνιι-

147 3466 236 3544 elst'e
260 3479 398 3554 oxytona
420 3465 510 3544 shuts
543 3465 617 3532 illu'd
638 3487 690 3553 ap.
710 3466 814 3532 Biton..
834 3469 871 3531 de
891 3465 988 3531 blach.
1015 3489 1046 3550 p.
1071 3466 1123 3530 11.
1148 3479 1180 3531 et
1201 3468 1254 3533 12.

148 3572 263 3638 Heron.
279 3569 382 3652 Belop.
398 3591 428 3654 p.
442 3569 518 3634 125.
538 3569 644 3634 Galen.
658 3567 736 3652 leeg.
754 3569 797 3632 X.
814 3567 888 3634 763.
906 3567 942 3632 Τ.
954 3567 1040 3633 XIV.
1061 3568 1129 3632 Rui.
1144 3568 1255 3662 Ephes.

147 3675 185 3738 tle
201 3673 285 3738 Part.
308 3693 338 3755 ρ.
355 3668 387 3734 8.
413 3671 514 3736 Schol.
532 3672 587 3736 Od.
600 3672 646 3738 ·Σ.
661 3669 738 3738 294.
761 3671 900 3736 Eustath.
921 3693 952 3757 p.
971 3667 1067 3745 1847.
1089 3667 1147 3756 35⁸.
1165 3669 1255 3736 Phot.

148 3797 176 3840 s.
203 3767 349 3862 Σφαγάς
374 3783 406 3837 ot
430 3773 563 3861 Hesych.
589 3796 620 3842 s.
648 3764 1091 3862 Zuyloyoo'poo„saepiusque
1119 3773 1171 3836 sed
1198 3773 1257 3838 alio

148 3876 308 3943 intellectu
329 3896 379 3962 ap.
398 3876 647 3968 Hephaestionem
670 3887 701 3941 et
719 3875 934 3956 Quintilianum
956 3877 992 3940 de
1008 3875 1088 3939 Mus.
1106 3872 1131 3938 l.
1153 3896 1182 3958 p.
1201 3873 1255 3942 56.

146 3974 316 4052 άνιικλαίς
330 3977 405 4042 loeis
418 3979 468 4054 iis,
485 4001 559 4062 quos
569 3977 789 4064 Lexicographi
803 3977 952 4056 indicant3
969 3978 1074 4060 quibus
1087 3988 1257 4062 repugnant

145 4083 297 4168 harytone
311 4073 485 4154 κατάκλειε
498 4081 598 4146 Schol.
609 4081 686 4146 Ven.
698 4079 782 4144 XIV.
798 4075 871 4142 186.
889 4079 1003 4142 Αιιαιδ.
1015 4079 1115 4142 (lnam.
1130 4077 1255 4144 11233.

147 4195 181 4251 et
209 4181 378 4258 άνιίκδκις
406 4183 440 4250 in
468 4184 553 4250 codd.
583 4183 713 4268 Pollucis
740 4183 783 4246 X.
813 4181 866 4249 22.
913 4181 966 4246 His
996 4181 1117 4246 tertium
1145 4180 1259 4264 affingit
