2944 4888
1201 419 1238 466 n

122 578 255 648 ctrinae
290 583 326 645 et
358 573 576 672 eloquentiae
611 581 801 668 steterunt,
838 575 1023 648 simulacra
1056 575 1231 676 serenan,

124 771 215 844 quae
241 745 467 816 Democritus
489 746 610 816 εἴδωλα
637 753 804 840 usurpat3
841 770 951 846 eaque
973 743 1106 846 jugiter
1130 747 1235 824 nobis

122 923 315 986 occursant
345 937 386 983 ac
417 914 589 1014 maxime,
626 939 733 1011 quum
766 912 927 986 mortalia
961 917 1161 992 conticuere
1199 931 1236 992 et

121 1083 267 1183 profani
298 1056 436 1180 procul.
497 1083 599 1154 Tunc
631 1079 684 1152 illl
715 1083 784 1180 ipsi
821 1085 961 1181 generis
994 1083 1139 1158 humani
1171 1085 1233 1161 do·

122 1265 241 1327 ctores
267 1259 471 1351 praesentes
496 1251 619 1326 adesse
651 1277 789 1352 nosque
824 1251 924 1324 attari
949 1263 985 1326 et
1010 1253 1233 1332 edocereri·

124 1423 268 1518 dentur,
300 1417 364 1494 sed
389 1445 463 1492 non
488 1418 616 1500 adsunt
647 1421 716 1493 nisi
741 1419 886 1494 umbrae
912 1447 1033 1495 eorum
1059 1435 1094 1497 et
1116 1425 1234 1500 simul·

125 1585 207 1666 acra
240 1595 351 1664 modr‘a
383 1591 558 1690 pollentia
587 1593 704 1687 mirra,
739 1617 854 1692 neque
869 1617 954 1713 3nos
987 1591 1138 1666 edocent
1167 1597 1236 1668 nisi
1373 1695 1375 1700 ,

124 1789 223 1836 more
249 1761 371 1862 Pythii
396 1763 478 1862 qui,
512 1771 552 1834 ut
576 1760 778 1834 Heraclitus
813 1764 881 1858 ait,
917 1763 1003 1842 οὔτε
1032 1766 1124 1860 λέγει
1149 1764 1235 1842 οὔτε

122 1931 278 2036 κρύπτει
304 1929 395 2012 cilio?
419 1934 634 2036 σημαίνει.“

217 2105 328 2177 ‘flacc
355 2103 415 2201 qui
442 2113 660 2174 commentus
686 2112 740 2174 est
761 2103 881 2174 nescio
904 2102 989 2203 quid
1009 2102 1104 2176 aliud
1124 2103 1234 2202 signi·

128 2275 239 2346 ficare
264 2272 434 2367 voluerit,
463 2299 567 2372 quam
600 2298 740 2345 omnem
778 2273 994 2372 antiquitatis
1020 2245 1233 2372 'interpreta-

123 2445 258 2516 tionem
285 2444 322 2513 iu
347 2441 549 2542 conjectura
574 2469 653 2518 esse
677 2443 848 2542 positam,
877 2444 959 2542 quia
984 2466 1073 2543 quae
1098 2451 1235 2516 veteres

89 2717 92 2728 y
126 2623 314 2688 senserunt
338 2637 412 2686 non
437 2611 550 2708 clare,
580 2639 620 2686 ac
647 2615 678 2684 si
701 2613 886 2712 loquentes
913 2609 1126 2706 audiremus,
1154 2637 1235 2709 per·

128 2785 311 2898 spiramus,
340 2781 403 2856 sed
428 2809 492 2882 per
515 2783 697 2856 involucra
709 2781 912 2880 verborum,
939 2783 976 2854 in
992 2779 1121 2882 quibus
1140 2805 1237 2854 men-

127 2955 172 3026 tis
200 2981 305 3026 sensa
338 2964 373 3026 et
405 2955 564 3055 cogitata
590 2955 641 3028 sic
672 2953 807 3028 inclusa
840 2965 921 3026 sunt
953 2963 993 3025 ut
1024 2953 1160 3026 animus
1199 2955 1236 3026 in

128 3125 266 3219 anima,
304 3125 421 3196 anima
452 3126 489 3196 in
515 3150 686 3224 corpore,
729 3128 829 3234 quasi
861 3123 994 3223 duplici
1026 3124 1235 3221 interposito

127 3294 235 3366 vallo.
290 3295 382 3369 Nam
403 3305 443 3368 ut
461 3295 558 3367 nulla
571 3295 670 3368 vocis
696 3293 887 3368 modulatio
913 3293 1046 3366 celeres
1071 3290 1154 3363 illos
1179 3317 1252 3403 ras

125 3465 235 3536 tionis
258 3475 376 3537 motus
402 3466 643 3565 consequitur,
671 3465 720 3536 ita
745 3465 902 3536 oratione
923 3465 1000 3562 ipsa
1023 3460 1158 3534 tardior
1173 3458 1234 3532 lae·
1328 3555 1330 3568 μ

125 3632 313 3735 hetiorque
340 3645 394 3708 est
419 3636 577 3733 scriptio.
634 3632 715 3727 Quo
742 3657 848 3731 quum
874 3631 1010 3706 aceedit
1035 3653 1151 3702 sermo
1172 3653 1234 3731 pc-

126 3805 291 3904 regriuus
316 3806 500 3906 nostrique
527 3801 719 3898 dissimilis,
747 3801 925 3902 praeclare
952 3801 1068 3900 agitur
1089 3801 1120 3872 si
1141 3823 1233 3872 sum-

126 3999 201 4046 mas
227 3998 347 4046 rerum
367 3950 664 4071 intellexerimus3
687 3971 757 4080 sed
783 3997 872 4074 quae
895 3969 1114 4072 singulorum
1134 3944 1252 4068 quasi

126 4143 355 4216 articulorum
386 4145 479 4248 inter
512 4169 550 4216 se
583 4145 629 4215 sit
659 4145 770 4238 ratio,
813 4141 899 4243 quid
930 4137 1122 4242 quamlibet
1147 4135 1235 4208 levis

126 4315 386 4388 terminationis
418 4313 531 4388 llexus
564 4307 610 4386 ad
642 4309 844 4386 variandam
876 4308 1083 4384 sententiam
1113 4300 1235 4374 eonfe-

1338 811 1350 848 l
