2944 4888
250 297 296 366 18
469 331 471 336 ·
578 323 581 330 ’
619 285 933 362 9188811ΤΑΤ10
963 285 988 360 I.

251 473 287 544 II.
305 475 394 542 XXI.
418 472 493 540 486.
517 485 549 540 et
569 473 749 568 κελσάσῃσι
767 475 827 540 91.
841 474 897 538 ΙΧ.
922 472 996 540 149.
1025 485 1056 538 et
1076 473 1219 540 hesiodea
1236 476 1367 566 αἴοχεσι

253 577 416 668 Oppium).
440 573 672 646 άνασσείσαοα
689 580 772 644 Scut.
792 571 867 642 344.
913 576 957 640 Ac
972 575 998 640 si
1013 577 1078 660 quIs
1095 575 1185 660 Soph.
1202 576 1363 643 811465.

248 683 427 773 κρείττοσι,
462 685 538 768 qnod
560 693 623 748 tres
645 680 813 760 Florentini
838 691 870 744 et
891 679 1024 764 plerique
1046 677 1099 742 cIii
1121 700 1175 763 pro
1196 677 1367 765 ιιρείσσοσι

159 817 161 826 ι
252 789 409 875 praebent,
433 807 494 850 non
515 783 693 858 aIihrariis,
717 783 767 866 qui
782 782 877 846 eidem
891 791 996 866 poetae
1013 779 1165 860 ἔλαττον,
1187 781 1364 869 πράσσειν,
1469 825 1471 860 ,

249 887 445 979 φὀλάττειν,
475 886 672 950 affricuerunt
692 905 724 948 v.
749 883 854 948 Wass.
877 885 913 948 ed
935 882 1029 946 Thuc.
1054 882 1118 946 VII.
1143 881 1196 948 II.
1227 885 1362 952 Ellendt.
1470 961 1471 964 ρ

184 1051 190 1062 ,
249 991 328 1056 Lex.
348 990 437 1074 Soph.
457 989 493 1052 Τ.
511 987 536 1052 1.
558 986 632 1052 574.
657 997 688 1050 et
701 984 778 1050 985.
802 985 839 1050 Τ.
854 983 893 1047 II.
917 982 992 1050 627.
1017 985 1069 1048 sed
1092 1006 1111 1048 a
1132 985 1275 1070 Sophocle
1297 988 1365 1072 ipso
1469 1033 1471 1070 p

249 1094 363 1158 formae
398 1091 507 1156 atticae
535 1090 652 1173 quidem
680 1089 732 1152 sed
759 1087 796 1150 ad
825 1085 1004 1168 audiendum
1030 1088 1176 1172 asperiori
1197 1089 1366 1173 praelatum
1468 1135 1471 1174 i

250 1216 317 1260 esse
341 1203 436 1279 putet,
466 1190 684 1256 conflictehitnr
705 1211 772 1254 cum
796 1187 932 1272 plurimis
955 1190 1088 1274 ejusdem
1110 1191 1280 1274 asperitatis
1306 1213 1365 1256 cx·

248 1297 370 1383 emplisz
403 1290 521 1379 άρσεσι
545 1293 656 1358 Aesch.
680 1290 781 1376 SuppI.
808 1289 882 1354 951.
908 1289 1041 1377 Thucyd.
1063 1292 1102 1356 II.
1124 1292 1179 1358 45.
1204 1285 1365 1366 ἐλάσσοσσ
1468 1345 1471 1382 η

248 1401 302 1468 VI.
324 1398 378 1466 25.
403 1397 482 1464 VIII.
506 1395 578 1462 194.
603 1396 691 1460 Paus.
706 1393 744 1456 V.
764 1391 818 1468 21,
834 1385 866 1456 6.
890 1387 1013 1478 ἥσσοσι
1032 1392 1143 1458 Aesoh.
1165 1395 1268 1482 SuppI.
1281 1395 1362 1466 489,

247 1499 395 1589 Περσίσι
415 1498 556 1582 Xenoph.
584 1498 659 1583 Cyr.
684 1492 763 1560 VIII.
789 1493 822 1570 5,
854 1493 906 1560 11.
936 1487 1072 1564 στάσεσι
1094 1497 1169 1560 PIat.
1194 1499 1289 1585 Legg.
1304 1499 1360 1566 IV.
1466 1549 1471 1590 ρ

248 1601 324 1670 798.
355 1603 390 1666 B.
413 1595 596 1684 αἰσθήσεσι
618 1597 685 1662 tiv.
709 1595 762 1660 VI.
795 1593 869 1682 596.
913 1597 948 1662 C.
970 1595 1176 1695 rimcopc'oeoo
1200 1601 1361 1668 Demosth.

246 1729 277 1794 ρ.
306 1704 381 1782 πα
406 1703 458 1768 10.
495 1699 570 1778 358,
593 1699 647 1766 σι.
685 1697 761 1781 eor,
785 1698 818 1762 e.
849 1697 926 1782 cos,
949 1700 981 1766 7.
1016 1697 1133 1770 σιιεσι
1159 1703 1236 1768 rur.
1260 1705 1360 1790 segg.
1470 1739 1471 1746 κ

246 1807 286 1872 II.
326 1793 403 1870 666.
448 1805 485 1870 Ε.
525 1798 641 1870 άλσεσι
676 1801 700 1866 1.
739 1800 814 1868 625.
861 1801 896 1866 Β.
926 1802 1068 1870 Phanocl.
1101 1805 1221 1891 Fragm.
1256 1807 1282 1872 I.
1322 1808 1360 1874 3.

245 1909 348 1976 Nono.
365 1907 452 1970 XIX.
473 1903 547 1970 189.
571 1899 735 1992 ὀσμήσεσι
749 1905 806 1972 καί
821 1897 970 1994 ψαάσεσι
979 1907 1064 1972 Aret.
1081 1907 1155 1972 Cur.
1172 1912 1262 1976 Acnt.
1277 1909 1301 1974 I.
1323 1909 1360 1988 1,

247 2011 328 2086 189.1
348 2001 559 2097 ἕμφνσήσεσι
581 2007 687 2072 Galen.
712 2011 748 2072 de
771 2008 823 2072 Us.
840 2007 922 2072 Puls.
946 2007 1013 2072 VH.
1038 2009 1111 2076 173.
1135 2010 1172 2074 Τ.
1186 2011 1225 2076 V.
1248 2016 1360 2100 ἔσιμα-
1443 2003 1446 2012 ’

245 2105 362 2200 σήσεσι
386 2112 498 2196 Eupor.
515 2110 552 2174 II.
576 2108 629 2187 19,
654 2109 727 2175 373.
752 2110 789 2173 Τ.
808 2110 893 2175 XIV.
939 2111 1044 2196 Neque
1072 2124 1172 2178 tamen
1193 2115 1358 2200 improbem

245 2215 393 2300 IIrucgeri
408 2213 554 2299 judicium
576 2214 614 2278 ad
635 2212 732 2278 Anah.
750 2212 788 2275 V.
805 2211 838 2293 4,
860 2213 913 2280 15.
937 2214 1169 2300 Xenophontem
1187 2207 1359 2302 ’μοσάνοις
1462 2200 1467 2212 ’

244 2319 386 2383 maluisse
408 2316 540 2382 scrihere
565 2337 651 2400 quem
672 2306 800 2402 μάοσσι
822 2316 890 2378 soni
913 2337 1015 2395 cansa,
1040 2318 1099 2382 nisi
1122 2319 1200 2383 forte
1219 2320 1357 2385 nomina-
1462 2301 1464 2314 ¹

245 2421 342 2486 tivum
364 2421 461 2505 ipsum
482 2405 595 2506 Ιπάσαν
617 2417 786 2503 repudiavit
806 2430 927 2503 propter
948 2421 1189 2486 terminationem
1211 2421 1358 2490 aeolicum
1462 2485 1467 2499 ,

243 2523 339 2608 magis
364 2543 451 2606 quam
467 2524 599 2586 atticam.
645 2521 703 2584 Sed
717 2520 816 2604 operis
830 2521 907 2586 ratio
923 2523 1031 2608 exigit,
1048 2535 1083 2590 ut
1097 2523 1224 2600 oliorum
1238 2546 1356 2610 quoque
1469 2541 1470 2550 ¹

244 2647 391 2714 generum
422 2623 559 2708 exempla
586 2624 764 2708 producam:
802 2622 968 2694 σίσεισται
987 2625 1084 2691 Arist.
1107 2627 1183 2692 Ach.
1201 2626 1275 2694 325.
1299 2631 1357 2694 ἐν·

244 2727 442 2816 σεσεισμίνη
464 2727 577 2812 Phryn.
598 2725 672 2809 App.
693 2723 747 2800 39,
772 2724 825 2790 12.
851 2725 1034 2796 σείσασθαι
1055 2729 1206 2794 Plutarch.
1227 2731 1352 2795 1σ9σ1.

241 2833 350 2896 (Iracc.
368 2852 396 2893 σ.
412 2829 527 2905 XLIX,
551 2823 626 2890 381.
651 2826 687 2889 Τ.
706 2826 762 2890 1Χ.
778 2823 979 2916 συσσσισμός
1001 2825 1358 2901 8οἰι1.ἐλασσάσσσθαι
1463 2826 1468 2836 ’

242 2934 338 2998 Thnc.
355 2931 394 2995 V.
412 2929 485 2996 194.
511 2928 826 3015 σοοσεσαρεσμὲνος
844 2929 955 2996 Athen.
971 2931 1052 2996 VIII.
1072 2931 1146 2998 333.
1171 2936 1204 2999 Β.
1224 2940 1356 3011 evoco·
1469 2909 1470 2936 ί

244 3033 358 3104 σασάν
381 3032 456 3096 Plet.
471 3031 565 3117 Legg.
582 3031 634 3096 IV.
659 3029 733 3095 707.
760 3032 795 3097 C.
842 3031 895 3097 His
917 3035 1082 3119 appositum
1105 3045 1136 3100 et
1156 3036 1355 3122 propiaquum

243 3149 291 3204 est
311 3129 396 3216 ἒξσά
418 3125 594 3220 άσιηίσασα
609 3133 644 3199 II.
662 3133 746 3200 XIV.
765 3133 839 3201 179.
858 3135 975 3220 aliaque
990 3137 1147 3214 nonnulle,
1164 3159 1239 3222 quae
1253 3137 1356 3223 spitz-

241 3259 334 3304 nerus
370 3237 522 3321 congessit
554 3237 591 3301 ad
617 3235 653 3300 II.
674 3237 731 3302 XI.
763 3235 815 3303 76.
848 3254 880 3305 et
911 3239 1105 3324 complurium
1134 3241 1353 3306 vocabulorum

170 3321 171 3337 ί
242 3339 536 3410 homoeocatelexiaz
570 3335 614 3413 cir
645 3347 706 3414 ἕως
732 3341 869 3416 ἔλεσσας
889 3337 996 3432 αάγάς
1026 3342 1137 3408 Aesch.
1162 3343 1246 3408 Pers.
1271 3341 1349 3408 719.

241 3437 340 3518 πόσις
362 3438 442 3530 ἐμάς
462 3443 523 3528 τῆς
545 3437 672 3516 α’θλίας
694 3443 767 3506 Eur.
790 3443 838 3507 ut.
856 3443 930 3509 366.
956 3444 1017 3537 οὐχ
1037 3441 1116 3531 ὅλης
1137 3441 1240 3532 οάσης
1258 3445 1351 3532 ἱεράς
1466 3522 1469 3538 ¹

240 3545 302 3630 τῆς
326 3537 540 3633 άκροπάλεισς
568 3535 694 3632 ταύτης
721 3544 875 3611 Demosth.
901 3571 930 3634 p.
953 3548 1029 3626 428,
1063 3547 1114 3612 13.
1146 3553 1177 3626 ἐξ
1199 3541 1351 3636 άνάηκης
1467 3553 1469 3562 ’

240 3648 301 3732 τῆς
334 3649 408 3735 ἴσης
435 3647 586 3737 φρουράς
614 3640 841 3735 περιθεούσης
870 3648 964 3714 Thuc.
983 3643 1050 3716 VII.
1073 3650 1128 3717 27.
1152 3653 1274 3724 ννκτὸς
1295 3641 1350 3718 ἐπ’

240 3745 354 3836 ὀλίγας
381 3753 467 3825 ναάς
494 3747 574 3825 τούς
602 3749 745 3825 πολίτας
774 3748 907 3828 πάντας
928 3747 1192 3840 σ’πιβιβάσαντος
1214 3752 1266 3816 IV.
1290 3751 1347 3816 31.

241 3847 341 3925 ὅσσας
363 3853 505 3938 ἐραστάς
526 3853 623 3939 copodo
644 3855 705 3940 τῆς
726 3845 834 3943 χώρας
855 3859 939 3944 ἔχεις
967 3855 1119 3938 Aristoph.
1145 3855 1226 3918 Avv.
1249 3851 1345 3919 1268.

240 3950 369 4041 άγλαάς
390 3957 471 4043 ἔβας
487 3951 608 4044 Θήβας
630 3956 719 4042 Soph.
737 3957 809 4020 Oed.
827 3957 862 4019 Τ.
879 3956 951 4021 152.
978 3955 1102 4043 φονεύς
1123 3994 1165 4011 --.-
1184 3955 1359 4041 ἐμφανῶς
1468 3957 1469 3962 ’

240 4050 365 4148 ληστής
391 4051 420 4124 τ’
448 4058 590 4148 ἐναργής
616 4062 676 4150 της
708 4063 792 4147 ἐμῆς
819 4057 1021 4162 τυραννίδος
1049 4059 1089 4156 ih.
1114 4055 1186 4123 535.
1219 4051 1345 4134 ιάςτσῖς
1468 4055 1469 4070 ’

239 4155 387 4249 άάελφάς
401 4155 499 4236 cordo
513 4159 574 4238 τάς
591 4163 676 4253 ἐμάς
687 4164 785 4255 χέρας
800 4161 892 4249 Soph.
908 4161 980 4226 Oed.
994 4155 1030 4226 Τ.
1042 4159 1081 4227 V.
1101 4155 1196 4226 1481.
1213 4184 1270 4248 quo
1283 4182 1344 4226 uno
