2940 4894
310 307 369 380 on
396 307 562 402 poulo.
592 303 766 378 nonos.-
798 308 895 376 (1.11.
926 310 955 396 5.
979 305 1012 377 5.
1149 307 1219 383 lat

100 487 249 582 Jungams
281 491 379 580 αἰξή
403 491 484 581 αἶγα
505 491 538 556 in
559 490 706 556 Zenodoti
727 489 849 568 libello,
876 490 1008 580 γλαῦκα
1034 511 1095 556 non
1120 491 1218 558 solum
1286 501 1292 510 ¹

101 598 134 662 a
157 595 262 661 saa.
287 597 369 682 π...
393 596 429 662 11.
445 596 494 664 Α.
520 592 593 660 195.
617 617 647 679 p.
668 592 723 672 ao,
747 593 799 660 ro.
824 595 877 659 sea
899 595 990 660 auam
1010 593 1044 658 a.
1066 595 1218 660 suasum.
1355 573 1359 584 “

102 699 305 784 Theophrasti
327 698 419 762 Char.
442 695 526 761 XVl.
556 693 622 764 κάει
642 698 772 784 γλαῦκα
792 695 993 792 βαιλίζοκτος
1013 691 1122 764 αὐτοῦ
1147 723 1219 764 πα-

100 801 276 891 ραπτῇῌ)
297 795 510 888 ταράττεται.
553 799 672 886 Κρὲκα
695 822 749 886 pro
764 799 837 884 κρέξ
853 800 910 864 dici
929 807 1034 864 auctor
1049 810 1095 864 est
1109 797 1218 886 Eusta-

100 904 186 968 thius
208 927 240 989 p.
259 901 354 980 1528,
376 901 428 966 18.
452 897 517 988 τῆκ
538 901 640 988 κρέκα
662 897 752 988 μετά
773 901 836 968 τοῦ
852 887 882 968 ’ά
900 901 957 970 καλ
978 901 1077 992 χωρὶς
1097 887 1215 978 antid}

99 1008 181 1090 quod
211 1007 430 1092 sejungendum
452 1006 488 1068 ab
510 1006 691 1070 accusativis
713 1005 924 1068 semibarbaris
945 995 1076 1072 κάκτον
1083 1055 1095 1086 ,
1124 1003 1217 1072 ἐλπί-

98 1108 187 1189 άαα,
217 1110 255 1172 olr
285 1107 505 1173 nominativum
532 1109 568 1172 ab
592 1107 743 1194 Hesychia
771 1117 960 1172 asservatum
987 1107 1087 1198 κε’ριια
1109 1095 1218 1195 rivola,

97 1212 149 1296 qai
173 1212 212 1274 alr
236 1213 340 1276 eodem
361 1212 455 1276 verbo
477 1209 580 1298 κρέκα
608 1211 756 1296 originem
773 1209 883 1274 habero
897 1201 1029 1286 videtur,
1051 1211 1219 1276 atm'dulam

97 1313 297 1400 significans,
330 1325 507 1383 consuetum
538 1313 673 1378 locustae
703 1312 870 1398 epitheton.
921 1311 996 1399 Τήν
1019 1312 1142 1382 κτέαακ
1162 1335 1218 1400 pro

94 1418 160 1484 adv
184 1409 288 1482 κτὲκα
311 1416 389 1480 dixit
409 1414 535 1480 Nonnns
548 1416 628 1500 Epit.
644 1414 683 1478 ll.
706 1414 762 1482 22.
807 1413 912 1498 Neque
935 1415 1032 1480 solum
1053 1412 1118 1501 caio
1137 1415 1219 1502 φλέ-

96 1523 174 1608 βαα
196 1519 309 1603 legitur
331 1517 439 1584 Galen.
462 1518 495 1582 in
518 1517 604 1604 Hipp.
619 1517 656 1582 de
672 1517 761 1582 llum.
778 1516 802 1580 l.
821 1515 875 1583 29.
898 1517 1035 1608 Τ.ΧΝΙ.
1060 1513 1217 1586 οὔτοῦτο

95 1615 216 1710 μόνον
233 1620 251 1688 ὃ
265 1620 405 1688 καλοῦσι
418 1620 563 1707 φλέβακ,
585 1615 722 1688 etto-
734 1631 766 1684 et
779 1620 886 1684 Soron.
902 1621 938 1684 de
958 1621 1098 1686 Muliebr.
1116 1643 1143 1685 c.
1159 1621 1215 1688 22.

95 1749 127 1810 p.
149 1724 207 1790 69.
234 1723 350 1790 Oritas.
372 1722 408 1786 L.
424 1721 534 1786 XLIV.
559 1743 588 1806 p.
610 1719 663 1786 58.
688 1723 736 1786 ed.
752 1722 929 1786 Bussemak.
953 1725 1006 1788 sed
1028 1724 1118 1788 etiam
1141 1715 1217 1808 apud
1281 1743 1287 1750 ·

95 1826 287 1912 Hesychiuim
306 1825 434 1914 Φλέβαι
454 1824 570 1912 νεῦρα.
616 1824 775 1888 Genitivus
797 1821 901 1910 κήρας
923 1825 1082 1910 aliquoties
1105 1827 1219 1912 legitur¹
1251 1827 1252 1830 ’

95 1931 179 2015 apud
198 1929 388 2006 inferiores,
418 1949 516 2012 neque
545 1927 699 2012 corrigere
729 1927 819 1992 audet
846 1911 1041 1994 nulnkenias
1071 1931 1107 1994 ad
1135 1930 1214 1994 Tim.-

95 2056 130 2118 p.
152 2029 207 2096 18.
253 2032 294 2096 Et
314 2031 385 2096 urbs
402 2031 551 2096 Laconica
573 2027 655 2115 Χήα
676 2028 765 2114 Diog.
788 2028 813 2094 1.
836 2029 891 2095 31.
916 2053 934 2096 a
955 2031 1121 2108 Pausania,
1151 2029 1220 2098 Ma-¹

96 2137 206 2212 ximo,
237 2134 361 2218 aliisque
383 2134 542 2219 pluraliter
566 2131 676 2196 dicitur
696 2131 817 2220 Χῆναι
838 2155 869 2195 v.
892 2133 1030 2198 Holsten.
1053 2135 1090 2198 ad
1111 2135 1215 2220 Steph.

96 2263 130 2325 p.
147 2237 225 2304 536.
243 2237 430 2320 Wesseling.
447 2237 483 2300 ad
499 2235 586 2300 Diod.
603 2235 699 2300 Exco.
716 2234 753 2298 1..
771 2234 825 2299 lX.
843 2227 918 2300 306.
939 2237 975 2300 Τ.
991 2227 1043 2302 lV.
1081 2238 1217 2304 Transeo

97 2342 137 2406 ad
154 2339 303 2426 hisyllaba
319 2351 349 2402 et
367 2337 540 2424 trisyllaba:
571 2333 683 2424 άρπαξ
705 2329 854 2426 άρπαγή,
877 2340 943 2418 ἕλιξ
965 2337 1068 2428 salop,
1090 2341 1219 2428 θρίκαὲ

97 2435 254 2532 θρικάιιη
277 2441 377 2506 Schol.
401 2441 529 2506 Theoor.
555 2440 620 2505 Vll.
647 2439 720 2505 155.
747 2438 856 2528 ἰλίγγη
879 2434 1066 2530 οοοτροφή,
1091 2446 1218 2532 ἴλιγγοο·

98 2547 160 2614 καὶ
183 2547 247 2622 ἴλιξ
268 2541 287 2612 ὁ
308 2543 368 2630 τῆς
389 2541 538 2632 κεφαλῆς
560 2531 741 2630 οκοτισγιάς
769 2544 899 2630 Hesyoh.
925 2545 975 2630 qni
1003 2546 1107 2608 eodem
1128 2549 1217 2614 modo

13 2673 15 2694 ι
98 2651 322 2734 interpretatur
352 2647 475 2712 nomina
504 2648 647 2734 εἴλιγγος
669 2655 700 2710 et
721 2647 816 2726 εἴλιξ,
848 2657 910 2710 tum
932 2647 1066 2736 κέρκωψ
1081 2661 1119 2738 'et
1139 2674 1218 2740 asp-¹

13 2739 15 2756 ³
98 2748 271 2838 κάπηῼ),
292 2749 386 2826 aetas
408 2761 440 2814 et
461 2748 591 2836 πελίκη,
617 2744 754 2836 οάμβτιξ
776 2760 809 2812 et
826 2742 987 2838 σαμβύκη
1010 2773 1042 2814 v.
1061 2751 1218 2840 Schweigr

98 2856 208 2920 hanes.
232 2854 268 2918 ad
290 2853 402 2920 Athen.
428 2853 465 2916 T.
486 2851 524 2916 ll.
549 2851 624 2918 645.
658 2846 776 2941 φύσιγξ
799 2850 962 2942 φοοίγγη,
990 2845 1120 2944 φάλαγξ
1139 2855 1218 2944 ,low

97 2949 224 3046 λάγγη,
247 2978 372 3041 quorum
394 2949 599 3020 diversitatem
615 2954 772 3020 imitantur
784 2956 927 3018 Romanis
957 2955 1061 3020 hallux
1082 2959 1215 3040 ballneo,

98 3062 181 3126 fulix
203 3059 308 3134 fulica,
331 3079 441 3124 nomen
462 3079 482 3122 a
501 3059 582 3122 lamo
605 3069 734 3122 tractum
757 3069 792 3122 ut
813 3058 920 3142 loligo,
944 3080 1012 3140 nam
1034 3082 1141 3146 graeco
1163 3066 1215 3132 aia

97 3162 335 3238 ‹locodieitun
365 3161 494 3226 tamarix
511 3160 668 3237 tamarice,
688 3182 801 3226 vomex
814 3161 943 3226 vomica.
974 3162 1088 3236 lleinde
1104 3164 1214 3232 Graeci

99 3265 264 3352 degeneris
280 3265 348 3328 aevi
367 3274 565 3347 susceperunt
584 3255 607 3348 ἡ
632 3260 815 3349 λαμπάδα,
837 3259 861 3349 η’
882 3257 1068 3352 ἑβδομάδα,
1091 3278 1125 3330 et
1144 3255 1214 3335 duic

99 3367 289 3434 nominativo
315 3366 489 3432 consimiles
508 3365 703 3460 reddiderunt
728 3365 862 3451 obliquos
884 3371 975 3431 casus
998 3365 1063 3454 τήν
1084 3366 1213 3438 πεντά-

98 3472 178 3559 ιληα,
199 3465 264 3554 τήν
286 3466 443 3554 aeneam,
462 3463 527 3552 τήν
548 3462 740 3554 εἰκοσάδηκ,
766 3490 841 3553 quae
864 3469 1024 3532 confertim
1045 3475 1214 3556 suppeditat

97 3573 230 3640 Michael
251 3563 397 3656 Ephesius
419 3571 452 3633 in
473 3569 511 3633 V.
535 3563 653 3632 Nicom.
675 3593 705 3654 p.
729 3569 782 3634 64.
805 3573 835 3634 b.
858 3561 901 3661 τῇ
922 3557 1080 3661 εἰκοσάδῃ
1102 3595 1131 3657 p.
1155 3571 1209 3640 67.

98 3697 129 3741 a.
154 3687 216 3740 etc.
261 3673 306 3739 Αο
329 3695 383 3760 pro
406 3673 525 3761 Γέργις
556 3693 617 3739 non
644 3671 753 3748 solum,
769 3673 960 3761 Γέργιθοε,
988 3683 1022 3738 ut
1043 3667 1213 3760 Stephanus

97 3839 313 3861 fi--n-h—l-std

168 3947 215 4018 11)
233 3947 286 4002 Ηοο
302 3939 436 4022 παραπτῇ
453 3940 489 4018 (1οΔ
500 3961 558 4003 mco'
574 3941 662 4004 addidi
678 3944 801 4018 sequente
816 3931 980 4018 ταράττεται
998 3939 1175 4022 obliteratum.

168 4036 425 4106 12)Ρπιιριωει
448 4043 533 4087 tamen
551 4039 652 4090 Aelian.
672 4037 704 4090 ll.
718 4034 788 4090 dnn.
801 4035 837 4088 X·
855 4037 898 4090 44.
918 4035 1052 4090 Jacohsius
1069 4038 1211 4106 κιρκάπιικ

97 4125 207 4190 scripsit
223 4131 252 4174 at
269 4125 296 4174 ia
314 4123 438 4192 Hesychii
453 4124 538 4188 glossa
555 4118 710 4195 Kapsairrwv
728 4120 834 4188 tonus,
854 4125 992 4191 τεττίγων,
1009 4125 1139 4190 posterius
1156 4124 1209 4178 lor·

96 4217 171 4260 tasse
189 4209 221 4260 dd
238 4201 383 4276 κερκοπάκ
399 4209 523 4276 per-tincta

130 4294 243 4348 Loteols.
263 4295 387 4364 Paralip.
912 4288 914 4292 ’
957 4287 1002 4358 10
