2926 4886
269 237 340 368 aar
444 253 472 264 ”
628 291 946 360 nrssnnrnrro
975 292 1019 358 11.

267 477 353 565 sych.
381 493 435 560 pro
460 493 518 558 quo
542 474 672 540 fortasse
696 473 832 560 trajectis
857 466 982 539 vocibus
1010 471 1111 561 φύσει
1133 472 1284 560 φυσικῶς
1308 477 1388 542 scri·

268 581 408 646 bendum.
455 578 645 663 Adjectivum
674 573 804 664 ταρβής
835 577 915 640 unde
945 575 1165 661 Lexicographi
1197 579 1386 666 acceperint,

268 685 388 769 ignoro.
424 679 482 744 Pro
505 668 635 765 σθ’ςκής
655 691 756 744 autem
778 678 924 742 Arcadius
946 700 975 762 p.
991 678 1047 755 24,
1065 678 1120 744 21.
1144 679 1233 744 affert
1254 681 1388 772 σθεκῇς

268 795 456 852 contractum
478 793 513 846 ut
532 781 667 872 τεχκῄς,
688 781 825 872 λαχκῇς,
848 777 984 870 ζαχρῄς,
1005 791 1037 844 et
1059 791 1145 846 extat
1165 781 1311 846 feminina
1330 805 1387 866 po·

268 889 339 954 sitio
362 885 512 956 Σθέκαα
534 884 685 970 Lycopbr.
711 883 807 948 1164.
838 883 887 947 cui
909 883 1018 949 similia
1040 894 1111 948 sunt
1134 876 1281 964 Θάλεια,
1304 879 1388 952 Aci-

266 987 373 1078 ηςιαί,
401 979 555 1074 Τράφεια
583 988 655 1050 urbs
679 987 839 1063 Boeotiae,
872 979 941 1052 α’πό
966 985 1029 1052 cod
1055 985 1164 1053 πολλά
1190 987 1393 1074 θρέμματα

267 1098 355 1182 ἔχειν
375 1091 478 1175 Stepb.
502 1101 537 1154 ut
556 1079 678 1176 Τάρφη
698 1089 832 1152 Locridis
855 1087 948 1174 παρά
970 1085 1013 1154 τά
1035 1083 1166 1176 τάρφεα
1189 1088 1232 1152 ld.
1255 1111 1386 1173 quorum

268 1195 423 1260 nominum
444 1193 527 1277 prius
547 1191 697 1256 Nicandro
714 1191 806 1254 Ther.
826 1188 901 1256 887.
925 1211 980 1275 pro
1004 1182 1158 1282 Ίρόφεια
1178 1192 1384 1269 reddendum3

260 1293 408 1367 ”Avario
427 1295 624 1382 complurium
643 1293 759 1358 urbium
777 1316 886 1358 nomen
902 1293 1088 1377 lunonisque
1107 1315 1274 1377 cognomen
1287 1296 1383 1360 Paus.

260 1395 400 1470 ’Ἁκτεια
423 1396 466 1474 oin
487 1389 642 1484 Κράτεια
665 1396 765 1460 Schol.
787 1396 821 1460 ll.
842 1395 894 1460 Vl.
916 1395 991 1461 160.
1015 1390 1085 1462 άπὸ
1106 1397 1169 1462 τοῦ
1190 1395 1294 1486 χαίρω
1317 1391 1386 1488 χά-

266 1529 353 1593 patu·
371 1501 428 1570 acl
457 1497 557 1568 άκθκῐ
580 1494 729 1567 ’Ἁκθεια
760 1499 818 1566 καὶ
846 1497 958 1588 κρατῶ
986 1489 1142 1584 Κράτεια
1163 1535 1208 1546 -
1228 1493 1384 1586 Μήδεια,

264 1606 385 1695 uipera
407 1605 509 1689 Etym.
528 1602 571 1665 Μ.
596 1599 678 1677 558,
702 1601 735 1666 1.
761 1602 963 1668 Choerobosc.
983 1601 1085 1664 Cram.
1109 1599 1147 1664 ll.
1173 1599 1247 1666 180.
1272 1603 1383 1687 quibus

149 1725 151 1731 '
264 1707 450 1776 Theodosius
471 1728 502 1790 p.
525 1703 580 1769 67.
609 1697 734 1791 colpam
757 1706 838 1769 addit
866 1716 900 1769 ut
920 1709 939 1768 'a
959 1704 1112 1788 praesenti
1134 1699 1231 1792 σάφα
1258 1707 1385 1770 ductum

264 1835 297 1877 v.
316 1810 432 1874 Anecd.
452 1808 552 1872 Cram.
572 1807 611 1871 ll.
630 1807 705 1873 300.
737 1808 795 1873 Sed
817 1809 853 1872 de
874 1805 994 1892 θέραα
1016 1805 1121 1871 errant
1141 1830 1173 1874 v.
1190 1807 1321 1874 Dissert.
1342 1810 1382 1875 V.

266 1933 363 1997 neque
384 1913 506 1997 propria
531 1933 550 1975 a
570 1911 778 1996 praesentibus
806 1910 902 1974 solum
927 1911 1083 1994 linguntur
1109 1911 1162 1974 sed
1183 1911 1278 1976 multo
1305 1912 1383 1976 libe-

264 2016 347 2091 rius,
381 2013 437 2078 vix
464 2025 498 2078 ut
515 2013 597 2099 sciri
625 2014 720 2098 possit
748 2024 849 2078 utrum
869 2006 1017 2080 Ἄνθεια
1044 2034 1098 2096 pro
1120 2008 1237 2100 ’Ἁκθη
1263 2015 1382 2096 valeat,

265 2119 344 2203 quod
370 2117 428 2180 fuit
449 2115 642 2203 Halcyonidis
670 2138 780 2180 nomen
807 2138 839 2180 v.
865 2114 948 2178 Suid.
976 2135 1003 2179 s.
1026 2111 1116 2195 Ἀλκ.
1143 2137 1182 2180 an
1210 2127 1317 2182 contra
1346 2129 1384 2181 ut

264 2212 402 2306 Μήδεια
420 2215 528 2305 Μήδη
549 2242 580 2283 v.
599 2219 733 2284 Meinek.
758 2219 794 2282 ad
814 2217 947 2302 Euphor.
970 2241 1000 2303 p.
1020 2215 1075 2283 64.
1098 2241 1138 2284 an
1160 2221 1237 2304 quod
1258 2241 1300 2284 ex
1319 2220 1382 2284 He·

264 2323 364 2413 sychii
391 2323 493 2407 glossa
512 2317 670 2390 Ἁκθεῑαι
697 2315 867 2404 (dabatur)
896 2315 979 2406 ὧραι
1002 2321 1131 2407 (Horae)
1161 2322 1263 2407 colligi
1289 2343 1382 2406 posse

263 2427 402 2503 videtur,
433 2425 599 2488 masculino
621 2425 661 2488 sit
682 2425 865 2511 appositum,
898 2426 983 2510 cujus
1005 2427 1102 2488 forma
1124 2425 1221 2490 fertur
1241 2425 1378 2510 triplex:

261 2520 409 2602 Ἀνθεύς
426 2527 528 2590 Liberi
550 2527 643 2611 patris
666 2529 833 2612 cognomen
853 2527 940 2594 Paus.
959 2526 1025 2591 Vll.
1041 2526 1095 2592 21.
1113 2527 1147 2594 2.
1171 2527 1221 2612 qui
1243 2537 1275 2591 et
1292 2527 1381 2594 Φλυ-

263 2629 320 2707 εύς
341 2619 468 2706 dicitur,
492 2629 523 2693 id
545 2640 594 2694 est
615 2629 743 2714 Florus,
759 2622 892 2704 ’Ἁκθος
913 2629 1027 2696 Anton.
1048 2629 1114 2692 Lib.
1141 2651 1169 2694 c.
1186 2629 1252 2694 Vll.
1277 2629 1377 2696 luscr.

261 2736 327 2800 Att.
344 2733 384 2798 N.
402 2729 475 2796 183.
494 2731 534 2797 Ν.
549 2730 625 2800 268.
641 2732 682 2797 Ν.
698 2731 774 2800 272.
795 2733 835 2797 Ν.
851 2731 926 2796 378.
951 2727 1126 2819 ςιἍκθης
1145 2745 1179 2798 ut
1193 2731 1307 2819 Κλέης
1318 2735 1378 2818 ¹⁷).

211 2901 222 2922 .
262 2835 420 2922 Adjeotiva
440 2845 553 2912 autem,
577 2855 652 2920 quae
674 2837 894 2912 recensuimus,
918 2836 945 2899 si
964 2836 1029 2920 quis
1047 2835 1289 2920 perlustraverit,
1313 2859 1379 2902 nnn

262 2940 336 3004 adeo
359 2937 516 3002 mirabitur
538 2959 593 3001 cur
615 2936 808 3016 Grammatici
830 2933 915 3028 άγής
942 2959 984 3025 ex
1005 2930 1127 3027 εὐαγής
1152 2939 1377 3018 detruncatum,

261 3033 392 3129 ψευδής
413 3043 449 3104 ad
472 3040 697 3106 similitudinem
719 3041 847 3126 oppositi
868 3033 1022 3128 άψεκιδής
1043 3043 1202 3106 formatum
1225 3062 1293 3108 esse
1317 3043 1378 3106 sibi

139 3159 146 3182 ⁸
260 3144 478 3230 persuaserint.
524 3144 637 3229 Quippe
664 3155 725 3208 tam
746 3165 817 3210 rara
837 3143 1032 3208 inveniebant
1057 3143 1145 3229 hujus
1168 3145 1290 3228 generis
1318 3167 1377 3210 ex-

262 3246 358 3332 empla
379 3257 413 3312 ut
434 3248 582 3332 singulari
603 3247 728 3331 quadam
749 3248 868 3311 ratione
891 3247 1047 3333 progenita
1069 3246 1302 3320 existimarent,
1326 3248 1376 3312 Ad

260 3349 343 3439 illam
365 3361 466 3414 autem
487 3349 659 3434 aphaeresis
681 3349 883 3434 suspicionem
906 3362 1048 3434 quantum
1070 3349 1297 3427 inclinaverint,
1322 3351 1375 3416 vel

330 3590 375 3656 17)
390 3587 477 3658 Κλέης
489 3580 610 3645 Κλεάδας
623 3585 701 3644 κάσις
712 3590 802 3658 Epigr.
815 3591 909 3661 Adesp.
922 3573 1114 3646 CCCCLXXV.
1135 3593 1201 3644 idem
1215 3600 1256 3643 est
1269 3587 1376 3659 Κλεάης

261 3678 348 3731 Str-nb.
363 3677 435 3730 Xlll.
456 3677 516 3733 582.
533 3677 650 3728 ¹doricum
670 3673 769 3731 Klarios
786 3685 817 3730 ut
833 3682 905 3734 Κέας
921 3679 1009 3748 Etym.
1022 3678 1056 3732 bl.
1077 3679 1144 3740 498,
1164 3679 1207 3732 36.
1226 3678 1324 3741 Anecd.
1345 3694 1371 3745 p.

260 3765 337 3818 1183.
377 3763 528 3842 verbalium
553 3763 675 3830 pleraque
701 3765 797 3815 tertiae
821 3773 882 3817 sunt
907 3766 1088 3817 declinationis
1112 3756 1238 3832 Κράτης,
1262 3759 1371 3832 Λάχης,

257 3845 355 3918 Χάρης
372 3857 400 3902 et
417 3850 557 3917 composita
571 3842 737 3921 Φιλοχάρης,
754 3847 934 3918 Λεωκράτης,
954 3867 1019 3918 qnae
1038 3853 1094 3919 ipsa
1111 3849 1283 3906 declinatione
1302 3849 1372 3900 inter

259 3951 287 3990 so
305 3936 439 4002 differunt,
457 3928 792 4007 Χάρητος,,Φιλοχάρους,
811 3936 857 3986 scd
875 3943 902 3987 ot
918 3934 1016 4004 Λάχου
1033 3937 1164 4006 reperitur
1181 3935 1207 3986 in
1225 3934 1296 3988 Plnt.
1312 3932 1368 3986 Vit.

259 4021 347 4074 Oratt.
364 4021 431 4102 Ἥ.
444 4020 512 4102 gbl.
533 4019 564 4072 T.
580 4019 639 4072 ΧΗ.
654 4027 686 4086 ,et
703 4021 866 4072 Philolachete
883 4022 968 4075 Plaut.
984 4023 1061 4076 Most.
1082 4021 1114 4074 ll.
1135 4023 1164 4082 1,
1183 4021 1228 4078 27.
1255 4019 1370 4085 Arljecti·

257 4122 320 4160 vum
338 4107 365 4159 in
382 4123 426 4175 ης,
443 4123 508 4177 ητις
524 4107 628 4160 unicum
647 4114 687 4160 est
704 4111 803 4176 πένης,
827 4109 878 4161 nisi
896 4117 924 4162 et
939 4105 994 4179 θῆς
1011 4111 1037 4162 in
1056 4111 1103 4162 hoc
1120 4123 1227 4168 numero
1245 4121 1370 4175 reponere

255 4193 330 4246 libet.
869 4199 878 4222 ⁸
