2848 4884
234 357 288 422 nn
312 355 476 423 nourr.
500 355 548 428 ιιι
569 341 862 426 mutuor.
886 361 915 446 ς.
935 359 986 428 11.
1095 359 1167 430 aas

73 537 151 614 duni,
183 538 284 623 ntique
314 559 375 603 non
390 513 533 621 semper,
562 558 631 602 nam
657 549 783 603 centena
813 549 920 604 extant
946 539 1022 625 apud
1043 549 1166 605 veteres

72 650 218 729 eorreptae
247 639 379 726 syllabae
402 637 539 724 exempla
560 635 792 727 οἷιιρητοπότης
817 641 926 706 Herod.
949 637 1166 733 βραχυπότης

71 751 99 804 et
117 736 318 828 όρροποτιῑν
342 742 482 826 Hippoer.
504 735 758 828 ναλαιιτοπότης
780 741 890 806 Herod.
920 753 951 808 et
973 745 1076 828 Eurip.
1101 767 1167 831 με·

69 838 243 930 τριοπότης
263 843 403 930 Xenoph.
429 845 505 928 quud
528 845 636 909 Pollux
655 841 786 919 ον’τολές
807 863 874 908 asse
891 843 1167 930 judicassemu-

69 936 169 1031 πότης
189 945 377 1033 Phrynichus
400 945 539 1014 Comieus
564 969 617 1032 ap.
641 947 752 1012 Athen.
777 945 814 1010 11.
839 945 892 1010 44.
919 947 956 1011 Ι).
983 941 1167 1037 φιλοπότης

67 1045 157 1112 Arist.
182 1049 277 1135 Vesp.
302 1047 355 1113 79.
387 1070 462 1133 quae
490 1049 611 1134 produoi
644 1049 710 1113 sina
739 1048 829 1113 metri
866 1049 971 1116 damno
1000 1062 1165 1134 nequeunt,

68 1159 95 1212 et
123 1150 286 1216 aPollnee
309 1150 362 1214 Vl.
385 1149 439 1217 20.
470 1173 537 1216 oum
565 1150 712 1216 similibus
739 1150 772 1214 iu
802 1171 925 1214 oeusum
955 1151 1050 1216 reluta
1076 1163 1166 1233 στοις
1262 1137 1267 1148 ’

64 1271 97 1314 ao
123 1252 269 1338 similiter
300 1252 333 1316 in
366 1253 546 1338 Anthplogia
582 1265 613 1318 et
649 1254 725 1337 upnd
752 1253 925 1328 Timonem,
958 1251 1169 1318 Manethonem

62 1353 194 1440 aliosque
216 1365 321 1440 poetes
342 1357 485 1440 leguntur
505 1351 794 1444 α’ῥροθμοπότης,
813 1350 997 1442 ηἰλοπότης,
1021 1347 1170 1440 ζωροπό-

59 1480 129 1542 apo,
152 1453 393 1545 illaqueandum,
416 1452 647 1544 μαριλοπότης
674 1469 734 1522 eto.
787 1458 836 1522 ldx
858 1458 962 1542 quibus
991 1455 1171 1542 intelligitur

57 1557 133 1624 lano
155 1560 290 1624 formam
311 1561 427 1624 Attioos
449 1582 516 1625 oum
540 1561 608 1625 alils
630 1583 815 1628 eommnuem
838 1561 967 1640 habere3
991 1561 1044 1625 sed
1065 1560 1169 1626 iisdem

59 1683 281 1746 nonnunquam
309 1662 456 1746 placuisse
487 1663 680 1749 penultimam
702 1667 866 1750 produoere
892 1663 994 1746 plnres
1022 1672 1093 1727 sunt
1122 1663 1172 1746 qui

61 1773 230 1828 testantur.
274 1764 386 1828 Moeris
407 1787 436 1849 p.
460 1763 536 1831 380.
560 1763 771 1853 ὑδροποτεῖν
797 1762 851 1834 deni
873 1765 937 1831 τοῦ
960 1751 990 1832 ὦ
1016 1762 1170 1842 amando,

60 1865 143 1930 sieut
170 1861 407 1934 ὕδατοπατοῖν
436 1868 576 1934 Cratinus
607 1869 684 1933 dixit
710 1869 831 1954 Fragm.
856 1866 910 1932 78.
933 1867 1038 1934 Aelius
1060 1869 1173 1955 Diony·

61 1968 125 2032 sins
148 1967 291 2032 Eustath.
315 1975 344 2054 p.
360 1967 455 2047 1716,
479 1969 532 2035 36.
556 1969 697 2046 dossenis
719 1970 857 2038 ἐκτείνει
871 1967 935 2058 τήν
956 1966 1174 2060 παραλήγου-

64 2093 130 2139 σαν
150 2067 174 2157 ἦ
199 2064 364 2156 ἄμπωτις
382 2068 426 2146 οἷς
448 2073 504 2140 eol
532 2073 550 2140 ὁ
571 2066 806 2162 αἱματοπότης
821 2073 878 2141 καὶ
897 2070 1087 2160 ὑδροπότης
1103 2075 1173 2158 (sie)

63 2173 205 2258 idemque
234 2173 404 2257 siguifldare
432 2176 553 2240 videtur
579 2177 752 2240 Athenaeus
776 2173 932 2240 Χ1.460.
964 2177 999 2239 ll.
1027 2171 1175 2264 ποτήρια

63 2269 261 2363 οἷνομοὲσθη
273 2271 342 2343 otoo
355 2277 417 2362 τῆς
435 2269 577 2354 πόσεως,
602 2275 860 2364 (issoldunum
878 2273 1080 2346 ολἉττιιιοί·
1102 2281 1176 2349 ἐπεὶ

61 2375 273 2466 όδροποτοῑν
293 2378 351 2446 καλ
375 2382 571 2448 οἰνοποτεῖν
598 2380 679 2466 (eod.
705 2381 797 2446 Maro.
822 2379 932 2444 his-
952 2379 1095 2465 πατεῖν)
1121 2379 1177 2446 λέ-

62 2503 175 2570 ηοοοι·
210 2480 269 2548 καλ
288 2473 535 2570 Ἀριστοφάνης
558 2488 596 2551 ἐν
620 2483 666 2572 τῷ
687 2478 777 2570 αὐτῷ
806 2478 954 2568 δράματι
973 2474 1175 2568 αἱματοπώ-

61 2609 121 2672 της
144 2586 206 2653 est
226 2574 404 2670 ποτήριον,
429 2605 553 2668 quorum
576 2587 649 2651 haee
671 2587 737 2650 sine
759 2585 846 2649 dubio
869 2597 916 2649 est
930 2586 1092 2661 sententia,
1115 2609 1176 2655 πο-

60 2683 196 2777 τήριον,
223 2707 350 2751 servare
371 2687 505 2752 vocalem
536 2688 679 2774 primitivi
701 2681 806 2773 πόσης
835 2700 869 2752 ut
891 2687 1032 2774 simplex,
1056 2709 1177 2772 oompo-

62 2794 121 2857 sita
144 2813 225 2857 veru
248 2788 340 2852 attico
361 2791 486 2873 quodam
509 2813 592 2855 more
604 2791 726 2876 produci
744 2793 899 2876 ἔκπωμα,
924 2784 1177 2878 αἱματοπώτης,

61 2895 203 2980 quodque
223 2890 272 2957 ltis
285 2892 431 2976 adjungit,
455 2892 675 2958 Anacreontem
699 2887 892 2979 οἰνοπότης,
910 2893 1070 2958 Homerum
1089 2895 1179 2960 οἰνο·
1250 2937 1253 2942 ‹

66 2995 240 3078 ποτολζσιν
261 2993 394 3070 dixisse,
425 3015 461 3058 eo
493 2997 624 3080 pertinet
650 3007 685 3058 nt
716 2994 936 3080 intelligamus,
970 2995 1038 3079 qnid
1060 2996 1177 3080 proprie

59 3083 189 3166 attionm
214 3097 269 3178 sit,
292 3097 359 3180 quid
382 3117 485 3162 omues
507 3099 539 3162 iu
560 3097 728 3184 promiscuo
747 3098 915 3172 habuerint.
960 3097 1064 3183 Neque
1078 3108 1179 3162 tamen

59 3202 136 3268 haeo'
161 3204 209 3266 ita
235 3200 328 3284 aooipi
359 3201 484 3275 dehent,
516 3213 656 3284 tanquam
685 3202 848 3265 existimen
876 3200 1103 3287 Lycophronem
1133 3201 1181 3282 (ut

57 3305 116 3370 hoo
139 3302 233 3388 utar)
256 3323 344 3387 ηαιιιο
369 3297 568 3389 αἱιιοπιότης
591 3304 749 3379 scriberet,
773 3305 867 3388 magis
890 3304 999 3368 attioae
1022 3313 1181 3367 eonsuetu-

58 3408 140 3473 dinis
163 3405 278 3492 regula
302 3425 388 3500 quam
411 3425 554 3470 concessa
576 3405 712 3470 omnibns
735 3405 974 3469 libertate'usum
990 3425 1069 3470 esse.
1105 3401 1182 3468 Nam

57 3493 229 3596 productio
252 3509 288 3578 ad
310 3507 367 3572 hoe
389 3507 563 3586 universum
583 3529 678 3592 genus
701 3508 849 3594 pertinet,
873 3499 1096 3595 μεθοδοότης,
1121 3531 1183 3574 ov·
1280 3519 1286 3538 ¹

54 3601 190 3701 βώτης,
221 3606 384 3700 διαβήτης
407 3621 465 3674 ete.
496 3610 666 3694 nulliusque
694 3621 747 3675 aut
769 3610 888 3674 dialecti
909 3609 1017 3680 linibus
1040 3610 1182 3675 termina·

57 3728 112 3782 tur
134 3727 193 3782 aut
219 3714 445 3799 signifieationis
466 3713 584 3778 rationu
611 3713 740 3797 regitur.
785 3711 918 3796 Namque
943 3711 1182 3775 commenticium
1267 3782 1272 3791 Ι

60 3819 205 3898 videtur,
238 3817 314 3900 quud
335 3816 522 3881 llerodiauus
543 3815 636 3878 tradit
657 3813 818 3878 discrimen
840 3815 872 3878 iu
894 3815 996 3900 Etym.
1019 3815 1061 3879 ll.
1085 3814 1185 3900 φιλο·

59 3917 178 4010 πότης
199 3915 220 3986 ὅ
240 3918 347 4006 φιλῶν
371 3915 519 3998 πότους,
540 3909 733 4005 φιλοπότης
760 3911 835 3982 did
862 3915 969 4006 φιλῶν
992 3914 1101 3993 πολλοὶ
1124 3913 1184 3983 πλ-

59 4049 154 4104 em,
182 4021 292 4108 quihus
314 4043 388 4106 qnae
411 4023 568 4106 subjuncta
590 4030 661 4084 sunt
681 4019 793 4100 verba,
827 4018 859 4081 in
882 4017 1076 4106 lleuodiaueis
1099 4017 1184 4084 Pier-

60 4127 133 4197 soni
161 4148 194 4212 p.
221 4121 296 4188 457.
321 4135 352 4188 et
377 4124 540 4191 Hermauni
561 4146 590 4208 p.
609 4119 683 4188 310.
708 4121 919 4208 praetermissa
939 4122 1046 4208 πῶμα
1059 4118 1123 4210 ηοὲρ
1142 4119 1181 4188 τό

56 4218 182 4300 ποτόν
209 4225 267 4296 nol
290 4221 333 4294 eoi
356 4222 468 4313 πόμα,
490 4248 526 4294 ea
547 4227 585 4298 ot
605 4226 809 4312 probationem
832 4224 906 4298 nihil
924 4226 1097 4302 eonfernut,
1125 4223 1184 4290 nisi
1230 4279 1232 4288 .
