2926 4886
293 346 351 410 DE
378 341 544 411 NOMlN.
573 343 745 410 MONOS.
779 343 902 410 c.111.
925 347 954 432 ἓ.
977 347 1010 414 2.
1150 347 1221 416 aab

94 525 173 588 binc
194 522 378 608 intelligitur
406 525 483 608 quod
503 515 604 610 τρόφι
632 545 673 588 ex
694 519 836 615 εότροφι
860 537 964 590 natum
985 525 1159 592 fabulantur
1181 519 1215 592 'v.

94 627 206 713 Etym.
226 627 269 690 M.
295 624 375 703 769,
399 624 452 690 40.
476 627 622 724 οῐι-οοοι,
645 647 729 707 reor,
754 649 886 706 causam,
910 629 979 714 quia
1000 627 1116 693 nullum
1137 629 1219 694 alind

94 729 287 815 adjectivum
309 728 439 812 simplex
459 729 492 791 in
514 753 544 803 ις
564 730 756 800 terminatum
773 751 869 816 genus
888 741 1029 796 neutrum
1046 730 1216 817 participat,

95 833 152 896 sed
184 832 352 915 composita
378 829 473 894 multa
501 842 609 895 extant
636 825 767 912 εόελπι,
795 825 910 922 εὔχαρι
938 843 997 896 eto.
1031 853 1089 898 nec
1117 843 1218 898 tamen

94 935 385 1000 animadverterunt
407 955 443 997 ea
463 933 564 997 omnia
585 955 603 998 a
624 934 794 998 nominibus
817 934 980 1018 composita
1002 955 1087 1014 esse,
1118 931 1220 1024 τρόφι

94 1047 205 1100 autem
227 1037 374 1121 originem
397 1035 518 1099 trabere
543 1057 561 1099 a
582 1037 689 1100 verbo.
733 1036 905 1120 Eodemque
931 1037 963 1100 in
986 1059 1092 1102 errore
1113 1059 1218 1104 versa·

93 1151 148 1203 tur
176 1139 334 1223 Apollonii
361 1137 520 1222 disputatio
547 1139 583 1202 de
608 1137 771 1223 Conjunct.
801 1161 830 1223 p.
853 1136 936 1215 499,
958 1137 1012 1206 29.
1045 1132 1219 1230 ὁμολόγως

93 1236 163 1310 οὖν
189 1247 230 1310 ἓν
253 1239 429 1330 οἶφοιιρὲοει
449 1240 512 1306 τοῦ
533 1233 572 1306 εὖ
592 1237 631 1307 τό
651 1237 793 1328 η’νορεή,
823 1237 935 1327 ὥσπερ
960 1239 999 1308 τό
1024 1234 1142 1328 δόμοις
1166 1243 1219 1312 ἐνὶ

93 1359 293 1433 ποιητοῖσι,
324 1367 383 1428 quo
405 1343 543 1427 exemplo
565 1335 712 1417 Ξάνθος
733 1344 836 1433 ῥέων,
864 1338 994 1432 τάφρος
1015 1341 1139 1431 όροιιτή
1163 1367 1218 1412 ex·
1273 1361 1285 1384 ⁸

94 1449 218 1534 plicant
243 1447 344 1510 Schol.
370 1445 405 1509 ll.
430 1445 482 1510 lV.
509 1444 584 1510 434.
613 1447 656 1509 Χ.
682 1443 757 1512 198.
789 1467 864 1532 quae
890 1469 952 1510 non
976 1447 1075 1512 minus
1098 1447 1218 1533 integre

94 1562 174 1615 sunt
198 1571 286 1635 quam
307 1547 437 1636 πηκτόν
458 1543 606 1636 ἄροτρον
629 1549 683 1612 0d.
707 1547 792 1612 Xlll.
816 1547 871 1615 32.
902 1542 1080 1617 θάλλοντα
1102 1549 1218 1618 σέλινον

94 1654 235 1718 Theocr.
252 1651 336 1716 Xlll.
354 1651 408 1717 42.
432 1652 586 1738 ποταμοὶ
604 1651 738 1739 ῥέοντες
756 1649 867 1737 Odyss.
884 1651 972 1716 XlX.
991 1650 1066 1718 206.
1086 1653 1215 1717 Theocr.

94 1755 206 1820 XXV.
233 1754 285 1819 19.
312 1754 437 1818 Maxim.
460 1753 535 1840 Tyr.
558 1755 633 1818 XX.
657 1751 732 1818 380.
764 1773 861 1838 neque
883 1753 995 1839 magis,
1027 1755 1054 1820 si
1077 1765 1218 1843 φρονεῖν

95 1859 186 1923 valet
215 1880 270 1942 pro
298 1851 336 1924 εὖ
366 1869 524 1944 φρονεῖν,
561 1869 675 1948 τυχεῖν
687 1852 756 1941 *pro
785 1851 939 1946 εότοχεῑν
969 1879 1000 1922 v.
1030 1857 1149 1924 Jacobs.
1181 1857 1218 1922 ad

95 1959 249 2024 Philostr.
283 1983 312 2046 p.
343 1959 417 2025 307.
441 1961 487 2047 ¹⁸)
519 1981 578 2044 quo
610 1959 742 2045 pertinet
770 1957 1086 2031 Photiiadnotatiat
1111 1951 1217 2052 τόχην
1291 1989 1296 2008 «

96 2061 223 2139 οἲπλώς
248 2063 313 2150 τήν
341 2060 482 2152 οἷγοθήν
508 2055 615 2154 τόχην
639 2060 796 2142 καλοῦσι,
826 2062 1000 2127 adverbium
1023 2065 1216 2129 extrinsecus

96 2169 300 2245 adsumimus,
324 2179 376 2233 aut
397 2168 454 2234 trel
474 2162 583 2257 χόρος
604 2173 701 2232 ἑόοοιι
722 2165 807 2230 Pind.
828 2164 880 2228 IV.
899 2163 975 2231 485.
1000 2162 1218 2256 ἦνανμαχίοι

96 2268 191 2339 τατεὲ
215 2267 344 2359 τρόπον
365 2271 496 2358 ἐγένετο
519 2269 613 2334 lsocr.
633 2268 759 2333 Panath.
784 2289 813 2353 p.
835 2266 917 2344 243,
941 2267 995 2332 51.
1016 2266 1107 2356 ’,ιιετοῖ
1129 2261 1218 2356 proi-

95 2399 171 2461 pasqg
193 2375 346 2439 Plutarch.
371 2374 410 2438 V.
434 2373 547 2437 Periclss
569 2395 596 2437 c.
621 2370 739 2436 XXXI.
768 2371 973 2456 supplemento
995 2371 1136 2456 adjectivi
1160 2365 1218 2456 ὀρ·
1278 2373 1282 2382 ’

97 2477 170 2552 θός
191 2477 329 2561 indigere
351 2479 517 2553 credimus,
549 2475 626 2566 quod
647 2473 785 2540 Reiskins
815 2475 889 2538 adeo
917 2473 950 2536 in
973 2472 1124 2536 Plutarchi
1149 2474 1217 2538 loco

98 2581 299 2646 inserendum
322 2583 459 2666 putabat,
489 2580 541 2644 sed
563 2577 636 2642 baec
658 2576 781 2661 perinde
803 2587 838 2640 ut
860 2572 952 2666 (λίπῃ,
978 2577 1057 2651 rite,
1081 2575 1215 2652 νοιιόιιο,

99 2689 136 2748 in
158 2685 245 2759 loco,
272 2685 421 2768 torpori,
447 2675 538 2749 τόθ’
561 2676 669 2768 ὤραν,
697 2677 785 2746 τοτοῖ
805 2671 936 2768 χώραν,
967 2675 1216 2763 significationem

94 2791 203 2874 justae
224 2785 371 2861 rationis,
397 2785 474 2871 justi
495 2783 638 2869 temporis
661 2782 759 2846 locive
785 2803 840 2866 per
860 2801 894 2846 se
916 2781 981 2866 ipsa
1002 2779 1112 2844 babere
1134 2799 1217 2844 asse·

98 2911 258 2956 veranus.
305 2888 368 2950 Hoc
395 2899 495 2951 autem
524 2886 633 2972 effugio
661 2885 834 2970 repudiato,
872 2883 941 2968 quid
969 2892 1065 2947 restat
1095 2881 1153 2946 nisi
1183 2892 1228 2946 ut·

92 2977 235 3085 §capg
255 2989 424 3074 similiaque
444 2991 481 3052 ad
503 2990 662 3054 desuetum
681 2988 824 3074 quoddam
842 2987 1008 3050 referamus
1028 2984 1228 3050 formationis*

100 3118 219 3184 genus,
254 3093 331 3178 qnod
360 3093 453 3176 magis
481 3093 652 3156 inchoatum
682 3113 769 3176 quam
799 3091 963 3175 perfectum
993 3099 1050 3152 est.
1094 3087 1216 3152 Etenim

100 3199 350 3286 quemadmodum
379 3195 572 3279 Empedocles
604 3195 636 3257 in
669 3196 764 3278 primo
796 3191 992 3257 animantium
1024 3201 1092 3254 satu
1122 3189 1217 3254 multa

101 3315 231 3367 naturae
258 3299 367 3364 fictrici
394 3299 480 3363 velut
506 3297 706 3360 tentabundae
731 3295 881 3360 excidisse
904 3293 947 3358 ait
971 3293 1145 3376 imperfecta
1171 3301 1215 3355 at-

101 3429 160 3495 que
183 3403 321 3470 enormia

189 3504 300 3576 πολλοὶ
322 3508 390 3592 μὲν
411 3498 667 3591 οἷμφιπρόςωποι
687 3502 744 3567 καὶ
765 3499 982 3588 α’μφίοτερνο
1005 3492 1157 3584 φόεοθοι

188 3611 356 3698 βουγενῆ,
383 3603 608 3694 ἀνδρόπρωρα
627 3643 670 3652 -

101 3719 146 3780 ita
167 3715 201 3777 in
222 3713 276 3777 illa
296 3713 457 3778 verborum
479 3711 591 3774 fabrica
611 3703 750 3770 credibile
773 3717 821 3769 est
842 3704 1000 3788 aliqnando
1020 3699 1129 3785 aliquid
1150 3711 1216 3765 ten-

103 3829 200 3882 tatum
224 3836 293 3882 esse
320 3815 397 3904 quod
420 3812 553 3878 inventis
580 3807 753 3875 melioribus
775 3809 1003 3892 reprobaretur,
1035 3803 1093 3867 alia
1115 3815 1215 3868 autem

176 4071 221 4138 18)
249 4069 341 4142 ‘Priore
357 4067 478 4142 βαλοῖπιι
496 4071 587 4123 Aescb.
608 4070 682 4121 Eum.
704 4067 763 4120 751.
788 4083 835 4117 non
855 4066 932 4117 aliter
950 4067 1000 4118 dici
1020 4065 1122 4116 videtur
1139 4077 1214 4130 quam

101 4161 259 4229 φρυκτωρία
275 4164 334 4226 τρὶι
350 4150 381 4222 ἓξ
395 4154 517 4230 βαλοῦσα
531 4156 621 4221 agam.
638 4156 680 4208 33.
701 4155 728 4206 id
745 4161 786 4206 est
803 4147 961 4223 ου’βολοόοα,
979 4147 1134 4219 εὐτυχοῦσι,
1153 4147 1214 4200 ima·

103 4247 163 4312 gine
182 4260 199 4296 a
216 4252 374 4298 tesserarum
387 4243 462 4310 jactu
481 4258 601 4311 prospero
620 4241 740 4309 repetita.
