2914 4882
177 317 231 384 nt
245 310 383 382 ΝΟΜΙΝ.
407 305 563 376 nuthet.
577 305 629 374 ut
645 305 774 376 SUBST.
788 305 879 374 uult.
894 307 1028 376 Attalo.
1045 312 1074 395 ᾖ.
1088 312 1121 378 2.
1145 313 1214 380 577

100 502 149 566 sui
171 494 297 572 avulsa;
320 493 373 558 illa
394 503 507 568 autem,
531 509 606 575 quae
627 489 692 574 ipsa
712 489 811 574 specie
833 509 889 555 suo
909 489 1147 556 determinantur
1167 505 1212 558 at«

102 623 160 687 que
173 603 217 666 ita
232 597 362 682 quidem,
385 605 421 660 ut
442 593 469 658 si
490 593 556 678 quis
573 591 723 658 audiverit
738 593 845 658 librum
861 593 1005 678 quendam
1021 593 1100 682 accpi
1115 595 1213 662 toou-

101 705 165 790 τῆς
186 699 365 783 inscriptum
394 716 482 771 esse,
512 695 616 760 eodem
637 694 767 778 vestigio
793 695 880 779 pellis
908 695 1050 780 cogitatio
1079 697 1214 764 subitura

104 807 157 883 sit,
187 797 491 889 pseudosuhstantiva
525 795 576 860 vel
608 795 874 862 semisuhstautiva
908 797 1013 862 vocari
1043 811 1211 867 merentur.

101 910 171 973 Duo
192 917 294 970 entem
316 903 404 988 hujus
434 899 556 984 generis
578 897 725 984 adjectiva
753 899 937 963 transitione.
960 901 998 964 ad
1026 903 1214 970 substantiva

102 1012 185 1075 iacta
205 1008 350 1092 majorem
370 1004 484 1066 formae
507 1001 703 1064 mutationem
724 1000 881 1066 subierunt
903 997 1010 1091 dpddo
1031 1005 1104 1088 (nisi
1126 1006 1155 1068 id
1177 1007 1214 1072 ad

103 1108 381 1178 denominationem
403 1103 547 1188 pertinet)
574 1112 607 1166 et
629 1095 679 1170 οἵα
704 1101 769 1166 sive
792 1096 834 1170 ὄο
861 1098 931 1170 οἷπό
951 1102 1012 1192 τῆς
1034 1099 1105 1180 ὄιος
1134 1108 1211 1174 Poll.

102 1213 174 1278 vlt.
198 1210 252 1278 62.
274 1211 318 1274 Χ.
343 1203 416 1274 180.
439 1203 605 1270 Philemon.
630 1203 763 1268 Gramm.
787 1206 816 1290 §.
835 1203 910 1270 308.
933 1207 1012 1270 unde
1033 1209 1214 1293 adjectivum

103 1315 194 1392 oie'o,
218 1312 273 1399 οἰοῖ
296 1311 361 1378 sive
387 1304 435 1399 pini
457 1307 525 1372 duci
546 1307 682 1383 dehehat,
707 1301 764 1374 o’eoi
786 1299 928 1394 poptovq'
949 1308 1079 1394 Hesych.
1110 1311 1214 1378 Tertio

102 1419 175 1486 loco
196 1416 326 1502 referam
347 1411 469 1478 nomina
489 1410 629 1474 arborum
651 1410 888 1496 fructicumque,
916 1431 992 1494 quae
1014 1433 1033 1476 a
1053 1413 1213 1492 fructibus,

103 1533 140 1586 ut
161 1521 196 1584 iu
217 1517 341 1582 novitiis
362 1512 535 1600 quibusdam
556 1512 688 1597 linguis,
711 1513 916 1597 cognominari
937 1513 1038 1578 solent
1058 1511 1217 1604 oipwydo-

102 1624 163 1712 λῇ,
187 1619 284 1707 συκῆ,
298 1617 396 1711 ῥοδῆ,
417 1614 541 1703 κιορέο,
562 1613 684 1702 patto,
705 1614 826 1702 μορέα,
842 1637 967 1700 quorum
991 1618 1048 1682 duo
1064 1630 1215 1703 postrema

103 1724 284 1792 Eustnthius
304 1743 336 1806 p.
364 1716 461 1796 1963,
485 1716 538 1782 54.
562 1739 581 1782 a
604 1718 731 1804 μῆλον,
759 1712 891 1806 μόρον,
913 1719 1129 1806 adjectivorum
1155 1725 1217 1790 ritu

104 1829 246 1895 derivata
266 1823 359 1898 dicit;
384 1840 482 1905 neque
502 1819 592 1884 aliter
613 1819 712 1884 sentio
736 1821 772 1886 de
798 1820 952 1909 cepooe'u,
973 1824 1214 1912 acmantum),

103 1926 285 2017 κοκκογέο,
308 1920 534 2010 κοκκυμηλέα,
559 1921 761 2010 σοοομιοέα,
787 1925 882 2009 picea,
904 1927 1020 2004 laurea,
1043 1927 1133 1993 vinca
1156 1931 1216 2013 (vi-

104 2035 176 2118 tis).
200 2029 285 2095 Haud
299 2047 393 2110 aeque
405 2025 500 2109 liquet
516 2024 675 2110 originatio
689 2028 842 2092 nominum
853 2029 987 2109 πτελέο,
1003 2030 1086 2114 ἰτὲο,
1099 2026 1215 2111 duodo,

106 2137 162 2202 sed
184 2135 212 2199 si
234 2135 425 2219 conjecturae
446 2127 544 2205 locus,
566 2129 694 2213 primum
709 2131 855 2216 patulam
887 2132 1058 2216 significare
1083 2135 1215 2214 videtur,

108 2238 188 2324 quod
211 2247 243 2302 et
271 2235 345 2300 ulmi
373 2231 527 2318 epitheton
555 2232 708 2318 proprium
729 2233 814 2298 Pers.
846 2233 910 2297 Sat.
934 2233 986 2298 111.
1009 2233 1043 2298 6.
1074 2248 1105 2300 et
1136 2259 1216 2302 com·

108 2361 202 2406 munc
224 2340 365 2404 arborum
386 2335 594 2421 complurium.
639 2335 807 2420 Hesychius
828 2334 965 2403 Πτελεό
981 2371 1025 2386 ·-
1038 2336 1127 2412 εἶδος
1141 2337 1219 2407 de'v-

30 2453 34 2463 '
109 2444 208 2530 dpov,
231 2452 264 2506 et
282 2431 443 2526 Ποτήλας
461 2433 543 2512 τούς
562 2434 760 2524 &apodritos
783 2435 953 2525 φοίνικας,
976 2439 1055 2502 unde
1077 2451 1108 2503 ot
1123 2441 1216 2526 Nym-

109 2547 188 2632 phae
210 2543 330 2608 Pteleae
352 2562 463 2606 nomen
480 2542 611 2624 ¹ductum
643 2540 765 2604 videtur
789 2539 900 2606 Athen.
928 2538 980 2603 111.
1004 2539 1057 2604 78.
1079 2541 1114 2604 Β.
1140 2545 1218 2628 quod

95 2651 145 2713 .in
167 2648 252 2712 codd.
275 2642 420 2714 recoctio
440 2643 593 2720 scribitur,
617 2653 801 2728 cognataque
821 2642 882 2706 illis
907 2640 1044 2722 nuce'doc,
1065 2637 1216 2732 πατοῖνη,

111 2763 229 2837 patera.
273 2743 364 2818 ’Iee'o
381 2746 473 2823 salix,
497 2767 584 2830 quam
597 2746 730 2810 Arcades
751 2743 864 2831 ἑλίοην
878 2745 1032 2821 dixerunt,
1055 2767 1121 2810 cum
1134 2746 1216 2826 vieo,

112 2854 230 2927 vimen,
252 2850 323 2916 vitis
345 2850 439 2932 (ἑ7ιξ)
461 2869 598 2934 magnam
620 2847 844 2914 similitudinem
868 2847 968 2924 hahet,
990 2867 1027 2912 ac
1048 2848 1219 2916 breviorem

112 2946 241 3019 formam
270 2952 440 3018 asservavit
473 2952 578 3016 Suidas
601 2944 698 3025 'Ioue
725 2950 810 3018 ι’τέο.
864 2951 1000 3016 Tertium
1030 2945 1134 3020 οἷκτέο
1162 2954 1218 3019 hoc
1271 2957 1274 2962 ’

113 3057 203 3124 modo
233 3056 266 3120 iu
291 3055 417 3120 huciani
452 3055 576 3139 quodam
604 3075 696 3120 versu
725 3051 890 3131 scribitur,
920 3049 1039 3129 oiace'oc
1067 3056 1098 3119 in
1131 3057 1216 3121 codd.

112 3157 310 3243 Theophrasti
335 3157 373 3220 11.
397 3156 441 3220 Pl.
466 3156 518 3220 111.
542 3155 585 3234 4,
606 3156 640 3224 2.
664 3167 696 3221 ct
715 3155 855 3220 vitiosius
882 3155 943 3242 τῆς
968 3151 1088 3232 ciendae
1109 3157 1218 3225 Galen.

113 3261 193 3346 Eup.
217 3260 254 3328 11.
277 3259 332 3337 17,
355 3256 431 3324 450.
456 3281 510 3344 pro
530 3255 670 3335 α’κτὲας,
691 3259 784 3343 vulgo
806 3269 906 3324 autem
927 3253 1013 3344 οἷκτή
1034 3283 1094 3324 non
1122 3262 1219 3328 solum

113 3365 148 3429 in
169 3362 367 3448 Theophrasti
396 3361 500 3437 libris,¹
515 3362 565 3424 uhi
585 3361 784 3425 Schneiderus
811 3373 965 3426 accentum
986 3362 1118 3440 inflexit,
1141 3365 1220 3430 sicut

115 3477 166 3530 est
186 3465 271 3529 Paul.
295 3466 371 3550 Aeg.
394 3463 433 3529 V.
457 3461 491 3544 3,
515 3461 589 3529 162.
613 3474 645 3526 et
665 3463 732 3526 aliis
754 3462 848 3541 locis,
877 3465 930 3527 sed
952 3465 1042 3528 etiam
1063 3465 1149 3551 hiipp.
1182 3467 1218 3530 de

115 3569 217 3632 Diam
241 3566 280 3630 11.
309 3564 385 3632 688.
414 3566 452 3630 Τ.
479 3564 505 3629 l.
534 3567 571 3629 de
591 3563 662 3628 Nat.
685 3565 760 3628 Mul.
789 3587 818 3649 p.
844 3564 918 3629 541.
951 3566 986 3628 Τ.
1010 3565 1049 3628 11.
1080 3567 1116 3630 (1ο
1142 3567 1216 3630 Mat.

114 3671 215 3736 Morh.
237 3692 267 3755 p.
277 3667 353 3736 878.
377 3668 485 3735 Galen.
508 3668 584 3753 Eup.
598 3666 637 3730 11.
655 3665 686 3745 1,
704 3665 778 3732 393.
799 3679 859 3732 etc.
883 3679 918 3732 ut
938 3659 1048 3755 φακῆ,
1070 3661 1220 3756 οηοομή,
1259 3663 1269 3675 '

116 3774 167 3838 cui
188 3774 289 3838 tonosi
310 3773 452 3838 convenit
481 3771 660 3857 adjectivum
680 3763 835 3855 (ἴκτινος,
866 3772 943 3854 quod
963 3765 1116 3846 oiuce'tvoc
1144 3771 1219 3838 scri·

187 4031 235 4096 2⁰)
249 4025 438 4099 upqtattar.
452 4034 578 4099 aporior
592 4029 687 4098 Gcopp.
704 4028 746 4080 111.
764 4030 788 4082 1.
807 4033 951 4090 mane,
969 4032 1080 4097 noenta
1094 4029 1136 4084 111.
1150 4034 1177 4091 t,
1190 4033 1218 4088 2.

116 4111 284 4252 epangelia,
299 4119 429 4186 capacior
442 4117 484 4178 13,
503 4119 529 4170 4-
549 4119 693 4172 morata
708 4114 799 4168 canu.
820 4116 852 4168 do
869 4115 958 4185 Temp.
974 4109 1043 4168 theti
1054 4116 1099 4168 tv.
1111 4119 1144 4178 8,
1156 4117 1218 4171 618.
