2926 4886
249 279 315 377 aro
359 390 362 397 Ι
611 275 923 352 nussueuarso
953 279 997 350 11.

248 465 356 554 plasml
383 457 563 550 contagione
590 461 744 528 immunis.
804 461 946 530 Dativnm
978 462 1024 528 illi
1053 461 1182 529 similem
1208 455 1356 556 <lotium

105 581 109 586 “
248 565 450 654 Apollon.lll.
476 565 571 634 1020.
595 565 793 630 Wellauerus
814 567 1031 632 exterminavit
1051 565 1188 658 ῥοδὲήσι
1209 571 1352 637 scribens.

247 673 353 758 Neque·
374 681 475 735 tamen
497 669 722 745 obliviscamur,
748 669 818 734 illos
840 670 1025 754 metaplasmi
1049 691 1160 734 nomen
1181 672 1219 734 ad
1240 672 1355 738 botoro-

249 776 364 840 olisiam
381 785 413 838 et
428 773 590 858 quamlibet
603 771 823 836 terminationis
838 773 1035 836 mutationem
1048 773 1229 838 transferre.
1254 773 1354 839 Gram-

248 879 376 942 maticus
398 873 562 940 Hermanni
583 897 613 960 p.
638 873 714 939 340.
740 878 812 942 ἔστι
827 873 862 942 δὲ
874 869 1123 962 μοταπλαομὸς
1141 896 1355 966 μετασχημα·

247 977 368 1068 τιομὸς
381 971 503 1065 λήξεως
517 972 718 1064 όνόματοςή
729 968 884 1066 ῥήματος
897 974 921 1064 oi
930 969 1176 1065 ἐπιρῥήματος·
1190 972 1355 1063 ὀνόματος
1443 1037 1445 1048 ,

246 1086 315 1172 μὲν
330 1078 418 1163 οίλκί,
434 1072 678 1167 ἐρυσάρματες,
694 1077 802 1148 κλαδί·
823 1072 981 1172 ῥήματος
994 1081 1030 1148 δὲ
1043 1077 1082 1147 τδ
1096 1081 1213 1161 alcide,
1226 1075 1355 1170 ἄνωχθι

248 1189 296 1270 (v.
307 1186 397 1250 Dran.
411 1207 441 1270 p.
458 1183 512 1262 37,
523 1181 577 1250 20.
608 1183 794 1268 Mosebopul.
818 1184 867 1247 ud.
892 1182 965 1268 0pp.
989 1205 1021 1248 v.
1043 1183 1075 1250 0.
1106 1183 1208 1249 Sobol.
1233 1183 1352 1248 Baroec.

247 1291 287 1354 ad¹
305 1289 355 1375 Aj.
379 1285 455 1352 308.
479 1285 563 1378 Εολ.)
584 1285 643 1354 καί
658 1282 696 1352 τὸ
714 1283 812 1372 δοίην
827 1285 885 1353 καί
899 1287 1023 1374 γνοίην
1037 1287 1095 1356 καί
1109 1283 1247 1374 εἰδείην·
1268 1285 1354 1371 totp-

246 1385 402 1481 ῥήματος
423 1389 476 1471 δέ,
500 1385 543 1464 οἷς
564 1389 620 1456 ἐπί
641 1388 704 1455 τοῦ
725 1386 820 1478 δίχα,
842 1383 951 1478 τρίχα,
976 1385 1050 1481 διχῆ
1071 1387 1137 1480 γδρ
1158 1382 1214 1475 ἦν.
1257 1386 1353 1471 ltaque

247 1503 293 1576 ἔς,
317 1495 392 1575 θές,
415 1486 490 1568 δός,
513 1491 688 1576 metaplasta
710 1501 821 1556 vocant
850 1491 951 1557 Sobel.
985 1493 1040 1557 ot.
1072 1489 1097 1557 l.
1120 1491 1197 1560 207.
1231 1499 1263 1553 et
1290 1507 1354 1552 cum

245 1595 355 1678 κλαδί,
369 1591 503 1684 cicutae,
526 1603 708 1678 componunt
728 1593 947 1683 αοφεαγοίην,
967 1596 1197 1683 αεριπατοίηκ
1217 1593 1302 1656 Eust.
1323 1611 1350 1674 p.
1444 1661 1445 1664 Ἴ

247 1699 302 1781 08,
310 1699 363 1766 00.
373 1701 490 1783 aliaque
499 1699 659 1762 verborum
671 1697 886 1762 inclinamenta
899 1699 1037 1762 anomala
1051 1699 1108 1762 buc
1122 1704 1288 1769 revocant3
1307 1692 1355 1776 dp-

246 1808 325 1894 ῥιγα
345 1797 620 1890 μοταπλοίττεται
635 1802 683 1873 εἰς
696 1801 864 1869 ἐνεστῶτα
880 1785 1089 1892 ε’ῥρίγήσιιοίς
1105 1797 1247 1868 δεδοίκω
1257 1790 1353 1861 Schol.

246 1907 325 1970 Ven.
350 1903 402 1968 lll.
434 1903 508 1968 353.
542 1913 577 1967 ut
604 1898 823 1990 κεκλήγοντες
855 1905 1003 1968 aeolicum
1033 1903 1136 1968 dieunt
1170 1899 1255 1968 XVl.
1283 1894 1351 1961 430.
1444 1899 1445 1950 i

172 2047 174 2051 -
245 2009 322 2072 Tum
344 2007 486 2072 adverbia
506 2004 624 2094 μίγδα,
644 1998 785 2094 κρύβδα,
806 2027 861 2092 pro
883 2005 1011 2098 μίγδην
1033 2016 1092 2072 cto.
1114 2007 1206 2072 Eust.
1220 2001 1292 2077 722,
1302 1996 1350 2068 20.
1415 2074 1416 2078 Ἰ

246 2110 436 2194 maximeque
463 2109 620 2195 enallagen
643 2111 765 2200 generis
787 2099 947 2191 κελευθοί,
968 2103 1090 2196 δεσμοί,
1115 2107 1232 2198 δίφρα,
1253 2097 1351 2192 λύχνα

246 2213 347 2276 Schol.
374 2209 484 2276 Odvt.
517 2211 581 2277 93:
596 2213 785 2277 Sohol.Von.
810 2211 834 2277 l.
858 2211 934 2278 404.
960 2213 1062 2300 Etym.
1085 2211 1129 2276 M.
1156 2209 1231 2290 544,
1254 2205 1305 2274 20.
1324 2212 1352 2268 et

245 2313 322 2392 502,
344 2313 399 2381 22.
423 2335 498 2398 quae
520 2337 610 2400 quum
630 2317 731 2380 omnia
751 2325 877 2381 servent
904 2326 1061 2380 accentum
1088 2315 1206 2378 formae
1228 2327 1350 2376 eommu-

245 2418 306 2495 nis,
330 2417 463 2503 effugere
493 2439 556 2482 non
582 2429 711 2504 possunt
737 2419 809 2504 quin
827 2417 923 2506 μῆρα
946 2439 988 2483 ex
1007 2409 1116 2506 μήρια
1140 2416 1291 2482 concisum
1312 2407 1350 2471 di·

245 2531 327 2586 cant.
373 2521 449 2586 ltem
471 2523 550 2607 quod
570 2521 721 2587 Nicander
742 2513 970 2608 ποιφήζοντος
983 2513 1289 2608 ροοποιφοζοδοης
1303 2531 1350 2597 Ρθ·

244 2625 317 2705 suit,
342 2625 490 2690 Homerus
512 2645 566 2710 pro
588 2617 744 2711 eiecdpodr
759 2622 913 2712 εἰςίδμή,
936 2624 1130 2709 metaplasmo
1148 2621 1304 2706 assignant
1319 2633 1347 2677 v·

245 2725 347 2790 Sobel.
384 2727 421 2790 ad
442 2727 534 2792 Ther.
561 2727 634 2793 179.
659 2729 696 2792 ad
719 2729 826 2814 Odyss.
848 2725 904 2790 vl.
927 2723 1005 2792 204.
1033 2727 1199 2812 eodemque
1220 2714 1350 2788 nodosi

244 2829 322 2914 quod
344 2829 523 2894 vocabulum
545 2831 682 2896 diversos
710 2832 844 2917 ejusdem
871 2829 1081 2894 declinationis
1102 2829 1203 2894 flexus
1222 2819 1351 2909 sequitur

233 2941 279 3024 ¹nt
299 2927 384 3012 ὕδει,
400 2923 511 3010 καίτοι,
533 2933 562 2996 id
578 2934 733 3008 αἰολικοίς
749 2924 1041 3021 μεταπεπλοίοδαι
1054 2932 1193 2996 dictitant
1208 2953 1240 2995 v·
1255 2919 1348 2991 Procl·
1444 2951 1445 3022 γ

245 3035 282 3098 ad
304 3035 376 3098 Hes.
402 3034 476 3120 Opp.
499 3057 532 3101 v.
557 3033 611 3101 00.
630 3037 737 3102 Sohol.-
764 3037 818 3102 Od.
842 3031 894 3100 lll.
916 3033 970 3100 38.
996 3035 1180 3120 quinetiam
1194 3027 1350 3113 'limum
1444 3115 1445 3118 Ἴ

244 3159 299 3224 pro
325 3132 534 3224 Ἀλκιμέδων
569 3138 627 3204 1ίοί
657 3136 745 3208 trucci
779 3134 1031 3226 μοταττλασμδκ
1066 3133 1111 3213 τίς
1138 3130 1348 3208 Metdutwc
1444 3187 1445 3190 ,

244 3235 456 3316 Μελανθεύς
478 3242 579 3307 Sohol.
603 3243 640 3307 ll.
652 3243 768 3308 XXIV.
789 3241 866 3306 474.
912 3243 1256 3314 &trucemtrucem
1278 3245 1349 3316 11330
1444 3307 1445 3316 ,

245 3361 313 3428 cum
342 3338 447 3410 nostra
479 3367 569 3410 causa
598 3350 759 3432 conjuncta
786 3355 859 3410 sunt
887 3346 1012 3412 arodus.
1056 3345 1122 3410 Cur
1147 3331 1349 3410 'nominamus

243 3442 314 3521 Ἀλς
335 3447 508 3534 repudiatus
530 3451 594 3526 sit,
623 3449 834 3533 inexplicabile
865 3460 933 3525 ost,
964 3469 1023 3534 qno
1054 3449 1192 3534 cogimur
1220 3440 1350 3522 oblitu⁰⁸
1444 3441 1445 3444 ’

245 3570 332 3614 casus
354 3551 539 3634 metaplastis
559 3553 771 3628 adnumerare,
795 3561 829 3616 ut
848 3553 1034 3616 Herodianus
1057 3547 1247 3616 Sohol.Von.
1270 3539 1295 3604 l·
1316 3533 1369 3598 3··

245 3653 299 3716 scd
319 3653 410 3716 iidem
429 3649 582 3739 'negamus
610 3674 721 3718 nomeu
750 3656 901 3740 proprium
923 3641 963 3718 'et
989 3655 1124 3718 divinum
1154 3655 1191 3719 ad
1218 3655 1349 3714 normam

246 3741 412 3822 communis
434 3757 583 3822 sermonis
606 3757 695 3842 dirigi
716 3769 867 3842 oportere.
904 3756 1130 3822 Aristarcbeum
1145 3748 1239 3842 πτίλῳ
1256 3757 1347 3828 nelle

245 3857 453 3941 metaplastum
476 3860 535 3922 dici
557 3870 674 3944 potest,
703 3861 772 3945 quia
794 3860 941 3922 Homerus
963 3859 1111 3944 singulari
1138 3857 1162 3947 ἦ
1185 3853 1275 3937 κοίλη
1298 3845 1348 3957 30·

246 3959 352 4045 sbuet,
376 3979 473 4044 neque
496 3961 708 4040 heterocliton‚
732 3962 802 4046 quia
823 3957 842 4028 o‘
860 3957 967 4036 κτίλος
988 3973 1112 4026 auctore
1135 3971 1239 4050 caret,
1257 3967 1347 4031 cmm·

246 4083 345 4148 noque
366 4083 424 4147 qua
445 4063 562 4127 ratione
585 4065 712 4142 nitatur,
735 4063 904 4150 ignoratur.
950 4063 1013 4130 Vix
1035 4066 1156 4152 dignum
1169 4063 1268 4130 relatu
1283 4049 1348 4118 δια·
1444 4135 1445 4144 ¹

245 4161 350 4253 μόρῳ
373 4165 509 4230 asum.
533 4166 615 4251 urps.
639 4165 736 4232 11..11.
761 4163 835 4232 103.
857 4167 890 4233 u
910 4170 1133 4238 prosternam
1151 4159 1274 4236 msera,
1298 4143 1348 4218 sel
1444 4149 1445 4156 ‘
