2848 4884
266 333 341 424 4⁰9
405 377 411 396 ·
619 347 936 430 lllSSEll'l'A'l'IO
964 357 1020 428 vl.
1103 373 1106 378 '
1193 412 1197 425 .

267 511 304 580 ll.
327 517 474 585 Aratu.
496 532 529 588 et
547 523 650 611 Etym.
671 527 743 626 11.-
738 527 815 608 522,
837 531 892 598 33.
915 533 955 602 cti
974 533 1075 606 ανόσα
1088 538 1127 606 τό
1143 528 1264 634 ἷβραχιλ
1277 552 1339 638 ἔχει,

268 617 456 708 ἐπειόόναλ
473 621 517 692 σοὶ
530 624 586 694 dcci
606 629 670 695 rod
685 634 740 710 ιζισ
772 633 812 700 cd
842 633 981 727 ιβραχύ
1005 641 1081 729 ἔχει.
1124 643 1188 710 Etsi
1204 649 1341 716 enimnul·

267 717 330 784 lum
345 734 400 786 'est
421 724 490 790 bnic
519 731 633 794 nomini
660 753 728 796 cnm
754 737 849 801 verbo
869 737 968 819 κνίζει
992 746 1217 825 commercium,
1236 753 1342 818 rectius·

260 841 325 904 ¹quc
347 824 445 890 Draco
473 831 644 914 p.21,1.
676 857 719 900 ex
746 840 883 924 analogia
909 844 1063 908 nominum
1093 848 1204 926 πᾶσα,
1235 854 1342 930 ccicc,

267 922 367 1003 δῦσα,
390 930 495 1014 φῦσα,
518 947 745 1019 argumentatur
768 942 958 1008 scribendum
980 967 1048 1010 esse
1070 962 1186 1027 ιινῑσα,
1212 963 1299 1018 tamen
1316 941 1343 1018 il-

259 1027 320 1109 ⁸lnd
339 1031 449 1099 iudicio
464 1019 531 1116 est,
560 1037 826 1108 Grammaticorum
848 1047 1010 1115 nonnullos
1031 1049 1084 1114 ille
1103 1073 1215 1137 quoqne
1231 1057 1342 1133 nomina,

267 1153 343 1216 quae
363 1156 383 1198 a
405 1138 529 1220 perlecti
551 1141 663 1224 passivi
683 1143 906 1212 inclinamcdtis
928 1151 1024 1234 repeti
1045 1167 1208 1238 nequeunt,
1230 1178 1268 1220 ex
1285 1180 1344 1222 ver·

266 1234 313 1300 bis
334 1235 407 1320 ipsis
429 1243 627 1326 conjectasse.
673 1245 731 1310 Sed
754 1249 817 1332 jam
843 1251 974 1336 intelligi
994 1265 1086 1336 puto,
1115 1269 1251 1340 qnantum
1271 1261 1345 1322 nodo-

266 1351 334 1402 rum
355 1349 387 1402 et
408 1343 577 1426 captionum
600 1345 674 1410 baec
695 1347 831 1416 habitura
852 1353 893 1416 sit
913 1357 1061 1437 quaestio.
1106 1358 1224 1424 Etenim
1244 1383 1344 1424 ncnso·

266 1438 328 1504 lum
349 1435 447 1520 droa,
469 1446 500 1510 id
530 1458 578 1511 cst
598 1445 719 1536 α’γμός.
750 1455 892 1521 scribitur
916 1457 1001 1539 quasi
1030 1472 1168 1546 correpta
1193 1462 1344 1546 penultima,

267 1543 320 1606 sed
349 1545 438 1608 etiam
467 1550 553 1612 verbi
580 1551 674 1634 ipsius
706 1577 846 1620 mensura
876 1558 910 1621 in
941 1559 1029 1624 dnbio
1058 1564 1166 1644 posita.
1214 1566 1261 1628 Ex
1278 1565 1345 1630 verbi

267 1644 364 1710 forma
377 1646 567 1718 Artemidoro
582 1657 771 1740 frequentata
791 1652 978 1737 neccoloco,
1002 1663 1049 1726 cui
1072 1667 1232 1748 respondet
1245 1661 1345 1733 κινεό-

265 1768 382 1833 νσινσσ
405 1751 510 1839 Polyb.
535 1755 614 1822 Vlll.
639 1758 671 1823 7.
701 1761 783 1852 66γῄ
809 1763 941 1849 Hesycb.
967 1775 1026 1828 etc.
1060 1767 1212 1853 ipsiusque
1238 1769 1345 1834 nominis

265 1845 332 1938 c’yp'
353 1857 626 1939 macroparalexia‚
655 1884 752 1948 neque
774 1865 872 1930 minus
900 1887 941 1929 ex
967 1866 1067 1932 ionica
1094 1876 1242 1955 scriptura
1267 1867 1345 1956 ιόιρ·

264 1976 337 2040 μμα
354 1963 385 2018 et
406 1953 627 2046 κόσηξιςερσιί
652 1965 870 2050 Hippocratem,
897 1961 1026 2054 όσφνήξ
1041 1974 1116 2056 apud
1140 1973 1345 2048 Grammaticos,

263 2058 402 2141 sequitur
428 2061 514 2145 alpha
542 2074 573 2128 66
592 2066 624 2130 in
649 2070 741 2132 verbo
763 2069 827 2154 ipso
850 2081 881 2134 66
901 2071 933 2134 in
955 2075 1038 2136 verbi
1061 2076 1278 2140 inclinamentis
1297 2075 1344 2138 lon·

254 2167 335 2242 'gum
355 2181 437 2240 esse,
462 2185 556 2249 eoque
577 2182 702 2235 accentu
725 2172 814 2236 etiam
835 2166 909 2258 ᾆξαι
928 2175 1070 2240 scribitur
1087 2164 1227 2263 Apollon.
1245 2177 1290 2240 lll.
1304 2173 1344 2240 66.

267 2268 337 2344 Sed,
360 2291 398 2334 ne
420 2291 485 2334 rem
507 2273 543 2334 ad
565 2271 706 2356 liquidum
728 2276 897 2358 perductam
920 2287 1068 2360 putemus,
1093 2301 1165 2346 ecce
1187 2276 1243 2356 εἶξε
1256 2281 1346 2364 legitur

265 2369 290 2434 l.
316 2371 410 2437 1168.
433 2370 574 2450 aaudiat
594 2376 680 2442 Aret.
705 2378 790 2460 Sign.
816 2378 942 2444 Acnt.l.
960 2377 1059 2456 6,1θ.
1083 2382 1203 2446 Aeliau.
1227 2384 1263 2447 ll.
1281 2383 1344 2444 Anu.

264 2475 334 2542 XV.
359 2475 411 2540 13.
435 2477 509 2541 Eur.
539 2478 639 2562 Suppl.
669 2477 742 2544 508.
773 2481 805 2543 in
834 2483 899 2544 edd.
924 2482 1048 2548 Barnes.
1074 2486 1180 2549 Marcl.
1212 2497 1243 2550 ct
1262 2480 1344 2548 llasill.

266 2573 338 2662 quas
354 2579 434 2644 solos
457 2579 613 2646 consulere
636 2583 738 2666 potui3
761 2583 904 2648 Matthiae
926 2596 1025 2650 antem
1048 2587 1138 2651 tacite
1153 2588 1290 2664 κατᾶξαι
1301 2584 1346 2648 cdi·

264 2682 325 2761 dit,
357 2703 443 2769 quem
467 2695 610 2767 sequutus
633 2695 680 2748 est
708 2683 745 2748 G.
769 2686 950 2750 Dindorlins.
1006 2689 1141 2773 Denique
1165 2692 1241 2775 apud
1262 2689 1347 2752 Hone-

265 2804 330 2848 rnm
353 2805 407 2869 pro
429 2777 522 2863 ἆξον,
546 2787 622 2870 qnod
643 2797 765 2872 veteres
789 2789 951 2872 legerunt,
974 2793 1170 2856 substitutum
1205 2803 1250 2858 est
1269 2787 1345 2866 ἆξον.

263 2886 361 2969 Atque
384 2887 436 2950 ille
460 2909 592 2972 qnoque,
623 2890 672 2972 qui
693 2890 726 2954 in
747 2891 848 2976 Etym.
871 2892 914 2955 M.
937 2913 967 2975 p.
994 2893 1047 2970 15,
1072 2895 1126 2960 23.
1153 2891 1235 2974 ἆξον
1256 2888 1348 2958 inllccti
1402 2983 1403 2986 Ἴ

262 2987 335 3053 dicit
356 2990 392 3052 ad
413 2989 582 3054 evitandam
603 2993 821 3076 syncmptosin,
844 3003 897 3056 666
918 2996 1048 3060 nescivit
1068 2997 1158 3081 alpha
1180 3009 1284 3062 natura
1298 2995 1347 3056 lon·

264 3087 342 3177 gum
355 3113 436 3167 esse,
459 3103 593 3156 autnon
615 3095 750 3158 credidit.
796 3095 1011 3162 Gravissimum
1028 3120 1115 3164 ivero
1136 3099 1214 3164 illud
1237 3097 1346 3168 videtur,

262 3195 339 3279 quod
367 3195 459 3258 verbo
488 3195 630 3269 κατᾶξαι
657 3218 718 3260 non
750 3197 808 3262 alia
837 3219 978 3262 mensura
1006 3202 1151 3266 convenit
1173 3224 1261 3286 quam
1281 3215 1347 3308 prae:

262 3297 342 3361 senti
364 3289 531 3374 ιιοισόσσω,
556 3297 624 3362 huic
646 3312 745 3364 autem
767 3303 868 3364 brevis
890 3301 1069 3386 assignanda
1091 3315 1138 3368 est
1158 3303 1283 3378 vocalis,
1302 3298 1348 3362 nist

262 3399 327 3485 quis
350 3400 543 3476 demonstrat,
568 3399 834 3466 Grammaticorum
856 3405 1093 3487 praeceptionem
1116 3419 1171 3470 666
1193 3406 1294 3468 falsam
1308 3408 1347 3462 out

262 3523 395 3567 mancam
419 3523 497 3565 esse.
544 3502 592 3566 Sic
615 3503 694 3568 enim
717 3506 819 3588 ajunt,
842 3506 915 3572 πᾶν
936 3504 1093 3595 δίχρονον
1116 3514 1197 3599 ἔχον
1224 3501 1347 3573 dominil

261 3600 508 3693 ἐπιφερόμενον
530 3605 772 3673 συστέλλεσθαι
793 3607 886 3692 Regg.
910 3609 995 3673 Pros.
1019 3609 1057 3674 N.
1075 3608 1231 3708 93441.
1256 3630 1288 3672 66
1307 3624 1347 3668 no

261 3709 394 3772 minutim
417 3707 485 3772 huic
507 3707 565 3792 legi
588 3709 749 3792 subjiciunt
769 3709 885 3793 signer
910 3711 951 3778 col
975 3709 1028 3780 dccl
1044 3707 1104 3778 ddo
1119 3738 1161 3777 cc
1180 3703 1347 3797 παρόγογν

260 3801 396 3901 ῥήματα
429 3807 515 3897 ὑπὲρ
545 3803 604 3876 ddo
629 3809 800 3898 ονλλαβός
825 3805 1019 3900 βαρότονα,
1043 3810 1090 3879 ὅτ’
1119 3819 1187 3904 ἔχει
1210 3815 1347 3904 δίχρονον
1402 3829 1403 3904 3

261 3911 327 4002 πρό
346 3901 473 3994 τὲλόνς,
497 3905 763 3998 συστελλόμενον
789 3911 873 3982 αὐτὸ
898 3921 982 4006 ἔχει,
1005 3913 1160 4003 α’ρόσσω,
1185 3913 1345 3984 πατάσσει,

259 4011 427 4108 populuum,
450 4015 585 4098 έλόσσισ,
608 4008 762 4102 α’φόσσω·
788 4017 891 4104 δῆλον
914 4014 977 4085 οὖν
1010 4015 1061 4086 ὅτι
1091 4020 1148 4086 καὶ
1176 4017 1216 4087 τό
1244 4014 1346 4086 educo
1402 4025 1403 4098 l

260 4117 385 4207 ὀφείλει
406 4115 444 4186 cd
459 4123 488 4197 lei
506 4117 775 4206 συστελλόμενον
788 4123 986 4212 ἔχειν’,Βερμ
1010 4123 1095 4188 Pros.
1113 4125 1135 4188 l.
1151 4123 1175 4187 l.
1201 4122 1299 4206 Etym.
1312 4113 1344 4178 ll.
1402 4127 1403 4204 l

239 4219 333 4295 746.
356 4219 410 4289 38.
433 4223 523 4288 lirae.
547 4245 577 4310 p.
601 4224 656 4304 21,
679 4223 711 4292 9.
736 4225 812 4310 apud
838 4246 924 4312 quem
947 4247 1009 4292 uon
1031 4219 1156 4313 ὀφείλει
1177 4224 1289 4321 legitur
1307 4213 1346 4282 sel
