2914 4882
260 291 332 359 540
623 285 943 355 Dissertatio
971 288 1010 354 V·.

773 471 801 554 ς.
827 467 857 537 ι.

337 589 525 656 Communi
515 589 627 676 afflue,
650 589 758 674 quod
748 601 830 653 auter
852 609 956 652 omnes
978 597 1111 663 constat,
1134 587 1200 670 lage
1220 592 1353 655 sancitum

233 715 234 718 ¹
263 703 326 774 est,
359 703 394 757 ut
418 693 564 778 adjectiva
588 703 753 769 acuantur,
785 687 951 775 graventur
971 711 1045 754 vero
1070 691 1319 768 substantiva‚'
1297 715 1353 757 srvc
1419 735 1420 792 η

262 815 407 880 personas
429 794 610 878 significant,
634 789 727 878 ἅβρα
749 793 891 914 dedicata,
912 791 979 856 sive
997 791 1190 869 substautias,
1212 787 1355 882 γογγύλη,

261 891 393 984 έψόνη,
421 908 540 974 κνῖσα,
570 890 758 982 κορύνηο
726 895 781 982 (ch
805 891 937 1014 χορόνη
962 905 993 958 et
1015 887 1195 984 χορανός),
1224 893 1355 983 κροκόλη

261 1021 295 1066 v.
314 999 489 1063 Schneider.
514 999 550 1061 ad
571 997 662 1082 Orph.
679 1001 754 1082 Arg.
775 996 848 1062 186.
872 991 1015 1084 κρύπτη,
1038 991 1155 1084 κόρτη,
1178 990 1355 1085 λα’μπηπ),

261 1096 410 1190 λαιούρα,
433 1097 513 1186 λόκη
535 1101 600 1164 sive
619 1092 719 1188 λόκκη
743 1101 783 1178 (si
804 1101 834 1164 id
857 1121 924 1165 curn
946 1093 1063 1174 λοκκός
1084 1102 1184 1184 aliqua
1205 1101 1357 1181 cohaeret),

263 1204 359 1285 πέζα,
377 1202 495 1283 πέλλα,
517 1201 626 1290 πέρκα
643 1205 709 1268 sive
728 1203 847 1293 πέρκη,
870 1200 1025 1291 πρύμνα,
1043 1196 1172 1292 μύρρα,
1194 1201 1275 1289 σι’μη
1293 1203 1358 1267 sima

262 1306 309 1392 (v.
326 1300 457 1392 hesych.
479 1328 505 1370 s.
522 1301 759 1393 Ἁπεσέμασε),
783 1303 927 1392 οτεγόνη
951 1305 992 1388 (si
1014 1306 1056 1369 ita
1078 1306 1199 1390 scripsit
1216 1305 1357 1388 Phanias),

262 1406 399 1496 στέλβη,
423 1407 584 1495 στρέβλη,
606 1408 731 1496 τέφρα,
753 1406 883 1498 χαλοέροι
904 1407 1036 1494 hesych.
1061 1402 1168 1498 ύχρα,
1199 1409 1264 1472 sive
1284 1409 1359 1472 attri-

260 1512 400 1578 hutioues
428 1504 580 1601 βρόγχη,
610 1510 736 1598 βρέμη,
766 1502 916 1597 γαλήνη,
948 1513 1056 1600 ἔχθρα
1051 1561 1075 1599 ,
1106 1510 1242 1596 θέρμη,
1272 1502 1357 1595 κύκη,

261 1611 408 1704 κραῦροι,
430 1614 556 1700 λέπρα,
578 1607 694 1700 λεύκη,
716 1609 825 1701 λα’βη,
851 1607 980 1698 ὄρφνη,
1006 1607 1181 1699 σπατοέλη,
1205 1608 1359 1698 φαλόκρα,

261 1710 389 1807 ψύγρα,
412 1709 524 1840 ηἱύρα.
564 1717 640 1780 Tum
662 1717 828 1780 masculine
850 1714 955 1788 αἶθος
969 1719 1029 1799 ²⁷),
1051 1711 1252 1804 οἷ’σφόιλελος,
1272 1714 1361 1803 βλέν-

261 1844 339 1901 νος,
367 1810 531 1909 βραγχος,
558 1819 721 1907 γλαῦκος,
749 1818 868 1907 γύρος,
896 1817 989 1893 δινος
1002 1821 1067 1904 ²⁸)
1094 1811 1244 1909 όόλιχος,
1271 1819 1360 1896 ἔλεος,

261 1923 412 2010 θέρμος,
437 1923 544 2003 ἲλλος,
566 1921 692 2002 κέλλος,
715 1945 854 2007 κνηκος,
876 1921 1049 2039 κέργχνος,
1074 1913 1228 2006 κόμπος,
1250 1916 1425 2042 noddo-

262 2027 339 2105 λος,
367 2018 506 2111 κύρτας,
535 2017 637 2112 λα’ρος
659 2025 725 2088 sive
746 2023 867 2112 λοῖρος,
895 2025 1023 2110 μύκος,
1052 2017 1202 2118 μύλλος,
1232 2017 1360 2110 μύρτος,

145 2136 152 2153 ¹
262 2129 396 2218 μῶκος,
420 2122 537 2204 ὄκνος,
560 2127 721 2250 πέρκγος,
745 2125 932 2218 odossoc²⁹j
919 2119 1094 2210 ),οόλος,
1118 2123 1348 2214 comesos,
1282 2149 1362 2211 στρι-
1425 2131 1426 2134 ’

264 2256 368 2320 φνος,
395 2226 588 2318 στρόβιλος,
613 2225 737 2317 τόγγος
760 2228 914 2313 (tancor),
940 2227 1098 2306 τέτανος,
1124 2223 1231 2318 sidae,
1255 2221 1360 2318 ottae,
1426 2200 1427 2272 i

262 2331 419 2426 χόνδρος,
449 2331 580 2422 ψᾶρας,
611 2330 782 2420 ψίθνρος,
815 2329 947 2419 φρέξος,
978 2325 1092 2422 ὦχρος.
1136 2333 1236 2397 Tertii
1261 2331 1361 2396 ordinis
1426 2367 1427 2370 =

262 2438 401 2524 exempla
422 2448 494 2502 sunt
515 2435 618 2516 ζῶον,
644 2433 830 2522 μνέονῖο),
858 2427 979 2501 πόλιον
995 2436 1058 2520 ³¹),
1087 2427 1245 2517 σκόλιον,
1272 2434 1362 2502 λέπο-

263 2562 343 2628 ρον,
367 2536 576 2627 κεφάλαιον,
599 2535 766 2624 νόμαιον,
791 2533 946 2614 όλκαιον,
971 2531 1138 2623 τρόπαιον
1154 2541 1214 2624 ³²),
1262 2539 1361 2604 horum

330 2796 376 2864 26)
398 2795 476 2862 Falso
493 2797 633 2850 Passovius
655 2797 703 2852 hoc
724 2815 770 2867 pro
786 2796 863 2866 λέπη
886 2801 995 2868 αοαίηἰῑ,
1027 2800 1179 2854 femininum
1203 2809 1246 2854 cst
1268 2798 1362 2851 nominis

262 2872 387 2950 λομοιόο,
412 2885 479 2950 quod
496 2884 624 2938 Arcadius
641 2901 657 2937 a
674 2887 776 2954 proprio
793 2885 916 2956 Λέμτοτ
935 2894 1043 2938 accentu
1065 2889 1218 2954 distinguit.
1257 2888 1364 2938 Ceterum

263 2975 290 3019 ct
302 2963 349 3020 hoc
365 2975 391 3020 et
405 2967 499 3040 οτλλβη
514 2968 617 3039 aliaque
632 2979 659 3023 et
673 2967 845 3024 suhstantiam
858 2973 1004 3037 significare
1017 2981 1125 3041 possunt
1138 2982 1167 3026 et
1180 2975 1362 3042 proprietatem.

331 3054 378 3120 27)
400 3055 488 3125 Etym.
508 3055 543 3108 Μ.
570 3056 654 3114 αἶθον
670 3054 686 3111 o‘
703 3059 811 3124 αἴθων,
838 3050 923 3114 sidcis
942 3055 971 3111 dd
991 3056 1006 3112 ό
1025 3054 1191 3127 αἰθόμενος.
1218 3060 1295 3113 ἸΙΙιιύ
1316 3056 1365 3108 suh·

263 3141 407 3192 stantivum
426 3157 483 3194 esse
501 3144 622 3204 videtur,
646 3145 713 3211 quod
730 3160 823 3210 genero
842 3153 933 3198 neutro
951 3146 1003 3196 dici
1021 3147 1097 3197 solet.

330 3225 377 3292 28)
397 3217 581 3283 Zdaos'dsvo'v
599 3236 626 3280 ct
642 3226 766 3298 ποταμόν
782 3227 855 3286 deviis
870 3232 1038 3284 Aristarchus
1056 3227 1166 3284 Homero
1185 3233 1293 3284 tribuit.

330 3312 377 3379 29)
402 3311 494 3366 Galen.
514 3309 601 3366 Gloss.
627 3331 652 3382 p.
672 3316 731 3371 552.
756 3317 862 3386 ῥέμβην
882 3313 1005 3386 πλόνην,
1031 3325 1139 3369 accentu
1162 3319 1303 3379 mendoso;
1331 3312 1366 3364 scd

261 3399 367 3451 videtur
384 3399 497 3504 ῥεμβλην
514 3402 658 3468 scripsisse.

330 3487 376 3553 ³0)
394 3479 485 3542 Μνιότ
502 3510 517 3543 o
510 3483 643 3540 απαλότ
654 3485 747 3556 Εῐγιιι.
766 3486 801 3538 Μ.
821 3486 887 3549 4⁷2,
906 3490 950 3540 di.

331 3572 377 3639 31)
398 3570 533 3628 Τονούται
549 3577 593 3625 καλ
611 3569 710 3624 πόλιον
725 3580 771 3627 κοιλ
787 3570 900 3628 πολιόν·
924 3591 1039 3641 αμεινον
1056 3572 1135 3627 de*
1102 3595 1133 3628 το
1153 3566 1291 3630 πόλιον’
1278 3593 1322 3629 ινα
1337 3591 1367 3640 μη

261 3649 331 3730 ¹u'oit
348 3659 480 3714 ἐπίθετον
500 3659 586 3710 Schol
604 3640 672 3709 Nic.
682 3657 731 3709 Th.
752 3659 794 3710 64.
1024 3643 1038 3666 ’

332 3744 377 3808 32)
403 3744 446 3795 Sic
468 3751 554 3796 tamen
578 3744 734 3810 adjectivum
757 3759 857 3812 quoque·
882 3745 1007 3798 scribitur
1028 3741 1092 3801 Arde
1114 3742 1259 3811 τρόπαιον
1282 3748 1367 3819 (intrat

262 3829 329 3881 Eur.
342 3829 455 3881 Phoenn.
470 3831 545 3887 ttae.
566 3838 593 3881 et
606 3837 696 3881 contra
710 3826 775 3890 Ζεύς
789 3833 922 3898 τροπαῖοι
935 3832 1036 3882 Heracl.
1052 3831 1111 3884 867.
1132 3835 1178 3900 qni
1196 3841 1240 3885 est
1257 3828 1367 3898 adjectivi

262 3915 378 3978 vulgaris
392 3923 530 3978 accentns3
548 3911 661 3986 όγοιοιον
674 3914 706 3970 τό
719 3911 819 3984 όγιιιον,
835 3918 902 3983 quud
915 3917 1070 3970 Eustathius
1082 3933 1107 3984 p.
1122 3918 1201 3981 180⁹,
1217 3921 1264 3972 tt.
1281 3927 1366 3970 tenere

262 4015 319 4051 cunr
331 4003 438 4069 proprio
454 3999 579 4072 ὀγκαῖοο
596 4002 711 4064 confert,
734 4017 817 4070 nequa
835 4003 918 4069 ipsum
935 3985 1033 4068 legiiur
1050 4019 1132 4070 neque
1150 4005 1315 4072 adjectivum
1330 3998 1368 4069 όν

260 4086 344 4139 ascios.
369 4085 406 4138 De
425 4089 515 4154 topicis
529 4084 694 4158 Λιλύβαιον,
709 4087 871 4160 Ati-ejicior,
887 4085 1045 4152 Σκύλλαιον,
1060 4086 1227 4154 Σκυλλαῖος,
1244 4086 1366 4159 ’orsesium
1427 4109 1428 4120 ι

252 4166 376 4241 Ὀγκιιοο
392 4174 495 4241 saepius
513 4174 592 4225 verho
609 4175 728 4226 admonet
746 4174 906 4242 Stephanus,
932 4175 1009 4242 punio
1027 4173 1110 4227 insius
1128 4191 1151 4227 s·
1170 4173 1347 4243 Kuivaorocv·
1422 4214 1424 4222 .
