<?xml version="1.0" encoding="UTF-8"?>
<!DOCTYPE html PUBLIC "-//W3C//DTD XHTML 1.0 Transitional//EN"
    "http://www.w3.org/TR/xhtml1/DTD/xhtml1-transitional.dtd">
<html xmlns="http://www.w3.org/1999/xhtml" xml:lang="en" lang="en">
 <head>
  <title>
</title>
<meta http-equiv="Content-Type" content="text/html;charset=utf-8" />
  <meta name='ocr-system' content='tesseract 3.04.00' />
  <meta name='ocr-capabilities' content='ocr_page ocr_carea ocr_par ocr_line ocrx_word'/>
</head>
<body>
  <div class='ocr_page' id='page_1' title='image "./paralipomenagra00dindgoog_0294.png"; bbox 0 0 2930 4872; ppageno 0'>
   <div class='ocr_carea' id='block_1_1' title="bbox 279 235 1218 416">
    <p class='ocr_par' dir='ltr' id='par_1_1' title="bbox 279 235 1218 416">
     <span class='ocr_line' id='line_1_1' title="bbox 279 235 1218 416; baseline -0.003 -52"><span class='ocrx_word' id='word_1_1' title='bbox 279 295 338 364; x_wconf 87' lang='lat' dir='ltr'><strong>nn</strong></span> <span class='ocrx_word' id='word_1_2' title='bbox 358 293 551 362; x_wconf 78' lang='lat' dir='ltr'><strong>norror.</strong></span> <span class='ocrx_word' id='word_1_3' title='bbox 575 235 788 362; x_wconf 74' lang='grc' dir='ltr'><strong>πιάσαι.</strong></span> <span class='ocrx_word' id='word_1_4' title='bbox 819 288 857 358; x_wconf 82' lang='grc' dir='ltr'><strong>ιι.</strong></span> <span class='ocrx_word' id='word_1_5' title='bbox 877 287 931 358; x_wconf 85' lang='grc' dir='ltr'><strong>ιν.</strong></span> <span class='ocrx_word' id='word_1_6' title='bbox 954 289 985 376; x_wconf 69' lang='lat' dir='ltr'><strong>a.</strong></span> <span class='ocrx_word' id='word_1_7' title='bbox 1006 289 1057 416; x_wconf 32' lang='grc' dir='ltr'><strong>ο..</strong></span> <span class='ocrx_word' id='word_1_8' title='bbox 1148 291 1218 362; x_wconf 80' lang='lat' dir='ltr'><strong>ma</strong></span> 
     </span>
    </p>
   </div>
   <div class='ocr_carea' id='block_1_2' title="bbox 108 451 1217 669">
    <p class='ocr_par' dir='ltr' id='par_1_2' title="bbox 108 451 1217 669">
     <span class='ocr_line' id='line_1_2' title="bbox 111 451 1217 567; baseline -0.015 -12"><span class='ocrx_word' id='word_1_9' title='bbox 111 476 224 567; x_wconf 71' lang='grc' dir='ltr'><strong><em>φόνον,</em></strong></span> <span class='ocrx_word' id='word_1_10' title='bbox 244 475 329 542; x_wconf 77' lang='lat' dir='ltr'><strong>rina.</strong></span> <span class='ocrx_word' id='word_1_11' title='bbox 352 475 387 542; x_wconf 88' lang='lat' dir='ltr'><strong>r.</strong></span> <span class='ocrx_word' id='word_1_12' title='bbox 409 471 464 556; x_wconf 82' lang='grc' dir='ltr'><strong>ιι.</strong></span> <span class='ocrx_word' id='word_1_13' title='bbox 487 472 561 541; x_wconf 77' lang='grc' dir='ltr'><strong>κιο.</strong></span> <span class='ocrx_word' id='word_1_14' title='bbox 582 471 647 562; x_wconf 63' lang='lat' dir='ltr'><strong>ap</strong></span> <span class='ocrx_word' id='word_1_15' title='bbox 665 463 770 562; x_wconf 64' lang='grc' dir='ltr'><strong>μνον</strong></span> <span class='ocrx_word' id='word_1_16' title='bbox 789 469 853 556; x_wconf 67' lang='grc' dir='ltr'><strong>ιρι.</strong></span> <span class='ocrx_word' id='word_1_17' title='bbox 875 468 915 536; x_wconf 82' lang='grc' dir='ltr'><strong>ι.</strong></span> <span class='ocrx_word' id='word_1_18' title='bbox 939 451 1015 538; x_wconf 79' lang='grc' dir='ltr'><strong><em>τοι.</em></strong></span> <span class='ocrx_word' id='word_1_19' title='bbox 1037 471 1074 536; x_wconf 63' lang='grc' dir='ltr'><strong><em>τι</em></strong></span> <span class='ocrx_word' id='word_1_20' title='bbox 1095 463 1217 558; x_wconf 67' lang='grc' dir='ltr'><strong><em>προσ.</em></strong></span> 
     </span>
     <span class='ocr_line' id='line_1_3' title="bbox 108 573 1006 669; baseline -0.011 -21"><span class='ocrx_word' id='word_1_21' title='bbox 108 581 154 647; x_wconf 84' lang='lat' dir='ltr'><strong>vis</strong></span> <span class='ocrx_word' id='word_1_22' title='bbox 174 575 201 668; x_wconf 73' lang='grc' dir='ltr'><strong>η’</strong></span> <span class='ocrx_word' id='word_1_23' title='bbox 218 573 356 669; x_wconf 82' lang='grc' dir='ltr'><strong><em>τρόφος,</em></strong></span> <span class='ocrx_word' id='word_1_24' title='bbox 378 573 567 667; x_wconf 78' lang='grc' dir='ltr'><strong><em>ἤπομπὸς,</em></strong></span> <span class='ocrx_word' id='word_1_25' title='bbox 587 576 727 668; x_wconf 79' lang='lat' dir='ltr'>pertenui</span> <span class='ocrx_word' id='word_1_26' title='bbox 748 575 843 640; x_wconf 83' lang='lat' dir='ltr'><strong>limito</strong></span> <span class='ocrx_word' id='word_1_27' title='bbox 864 574 1006 640; x_wconf 81' lang='lat' dir='ltr'><strong>disorota.</strong></span> 
     </span>
    </p>
   </div>
   <div class='ocr_carea' id='block_1_3' title="bbox 614 761 700 849">
    <p class='ocr_par' dir='ltr' id='par_1_3' title="bbox 614 761 700 849">
     <span class='ocr_line' id='line_1_4' title="bbox 614 761 700 849; baseline -0.012 -20"><span class='ocrx_word' id='word_1_28' title='bbox 614 763 644 849; x_wconf 73' lang='grc' dir='ltr'><strong>ς.</strong></span> <span class='ocrx_word' id='word_1_29' title='bbox 667 761 700 828; x_wconf 85' lang='lat' dir='ltr'><strong>o.</strong></span> 
     </span>
    </p>
   </div>
   <div class='ocr_carea' id='block_1_4' title="bbox 19 863 1361 4142">
    <p class='ocr_par' dir='ltr' id='par_1_4' title="bbox 85 863 1243 1490">
     <span class='ocr_line' id='line_1_5' title="bbox 85 863 1217 969; baseline -0.002 -17"><span class='ocrx_word' id='word_1_30' title='bbox 85 877 87 882; x_wconf 40' lang='lat'><strong>¹</strong></span> <span class='ocrx_word' id='word_1_31' title='bbox 190 885 289 951; x_wconf 84' lang='lat' dir='ltr'><strong>Multo</strong></span> <span class='ocrx_word' id='word_1_32' title='bbox 310 883 429 969; x_wconf 85' lang='lat' dir='ltr'><strong>saepius</strong></span> <span class='ocrx_word' id='word_1_33' title='bbox 451 904 539 968; x_wconf 87' lang='lat' dir='ltr'><strong>qoam</strong></span> <span class='ocrx_word' id='word_1_34' title='bbox 561 905 637 968; x_wconf 80' lang='lat' dir='ltr'><strong>quse</strong></span> <span class='ocrx_word' id='word_1_35' title='bbox 668 883 700 947; x_wconf 91' lang='lat' dir='ltr'><strong>in</strong></span> <span class='ocrx_word' id='word_1_36' title='bbox 723 863 921 969; x_wconf 53' lang='lat' dir='ltr'><strong>pressant,</strong></span> <span class='ocrx_word' id='word_1_37' title='bbox 956 882 1003 948; x_wconf 91' lang='lat' dir='ltr'><strong>his</strong></span> <span class='ocrx_word' id='word_1_38' title='bbox 1024 893 1151 968; x_wconf 77' lang='lat' dir='ltr'><strong>cognato</strong></span> <span class='ocrx_word' id='word_1_39' title='bbox 1171 894 1217 950; x_wconf 81' lang='lat' dir='ltr'><strong>nt·</strong></span> 
     </span>
     <span class='ocr_line' id='line_1_6' title="bbox 106 973 1216 1075; baseline -0.002 -20"><span class='ocrx_word' id='word_1_40' title='bbox 106 990 255 1055; x_wconf 84' lang='lat' dir='ltr'><strong>tributiva</strong></span> <span class='ocrx_word' id='word_1_41' title='bbox 274 988 307 1052; x_wconf 91' lang='lat' dir='ltr'><strong>in</strong></span> <span class='ocrx_word' id='word_1_42' title='bbox 332 974 388 1075; x_wconf 71' lang='grc' dir='ltr'><strong><em>ἠ-ρ</em></strong></span> <span class='ocrx_word' id='word_1_43' title='bbox 409 999 441 1052; x_wconf 84' lang='lat' dir='ltr'><strong>ot</strong></span> <span class='ocrx_word' id='word_1_44' title='bbox 467 973 525 1075; x_wconf 66' lang='grc' dir='ltr'><strong>αρ’</strong></span> <span class='ocrx_word' id='word_1_45' title='bbox 547 984 699 1050; x_wconf 78' lang='lat' dir='ltr'><strong>femininis</strong></span> <span class='ocrx_word' id='word_1_46' title='bbox 727 987 950 1072; x_wconf 78' lang='lat' dir='ltr'><strong>adjunguntur3</strong></span> <span class='ocrx_word' id='word_1_47' title='bbox 980 987 1065 1072; x_wconf 85' lang='lat' dir='ltr'><strong>nujus</strong></span> <span class='ocrx_word' id='word_1_48' title='bbox 1094 986 1216 1072; x_wconf 78' lang='lat' dir='ltr'><strong>generis</strong></span> 
     </span>
     <span class='ocr_line' id='line_1_7' title="bbox 105 1081 1216 1178; baseline 0 -22"><span class='ocrx_word' id='word_1_49' title='bbox 105 1090 315 1176; x_wconf 82' lang='lat' dir='ltr'><strong>antiquissima</strong></span> <span class='ocrx_word' id='word_1_50' title='bbox 336 1088 473 1174; x_wconf 78' lang='lat' dir='ltr'><strong>exempla</strong></span> <span class='ocrx_word' id='word_1_51' title='bbox 502 1099 574 1153; x_wconf 87' lang='lat' dir='ltr'><strong>sunt</strong></span> <span class='ocrx_word' id='word_1_52' title='bbox 601 1081 817 1177; x_wconf 79' lang='grc' dir='ltr'><strong><em>παμβάτορα</em></strong></span> <span class='ocrx_word' id='word_1_53' title='bbox 847 1101 952 1178; x_wconf 69' lang='grc' dir='ltr'><strong><em>μαῖαν</em></strong></span> <span class='ocrx_word' id='word_1_54' title='bbox 982 1089 1014 1152; x_wconf 92' lang='lat' dir='ltr'><strong>in</strong></span> <span class='ocrx_word' id='word_1_55' title='bbox 1037 1089 1216 1175; x_wconf 81' lang='lat' dir='ltr'><strong>Cypriorum</strong></span> 
     </span>
     <span class='ocr_line' id='line_1_8' title="bbox 104 1181 1216 1279; baseline -0.002 -21"><span class='ocrx_word' id='word_1_56' title='bbox 104 1193 153 1263; x_wconf 81' lang='lat' dir='ltr'><strong>Fr.</strong></span> <span class='ocrx_word' id='word_1_57' title='bbox 177 1193 203 1259; x_wconf 94' lang='lat' dir='ltr'><strong>I.</strong></span> <span class='ocrx_word' id='word_1_58' title='bbox 229 1205 262 1258; x_wconf 87' lang='lat' dir='ltr'><strong>ot</strong></span> <span class='ocrx_word' id='word_1_59' title='bbox 281 1182 505 1279; x_wconf 73' lang='lat' dir='ltr'><strong>murpopaiaop&#39;</strong></span> <span class='ocrx_word' id='word_1_60' title='bbox 527 1181 691 1278; x_wconf 81' lang='grc' dir='ltr'><strong><em>α’νάγκην,</em></strong></span> <span class='ocrx_word' id='word_1_61' title='bbox 712 1193 788 1276; x_wconf 82' lang='lat' dir='ltr'><strong>quod</strong></span> <span class='ocrx_word' id='word_1_62' title='bbox 810 1190 984 1274; x_wconf 82' lang='lat' dir='ltr'><strong>Damasoius</strong></span> <span class='ocrx_word' id='word_1_63' title='bbox 1006 1191 1081 1274; x_wconf 81' lang='lat' dir='ltr'><strong>legit</strong></span> <span class='ocrx_word' id='word_1_64' title='bbox 1101 1191 1134 1254; x_wconf 94' lang='lat' dir='ltr'><strong>in</strong></span> <span class='ocrx_word' id='word_1_65' title='bbox 1155 1191 1216 1256; x_wconf 91' lang='lat' dir='ltr'><strong>Ho-</strong></span> 
     </span>
     <span class='ocr_line' id='line_1_9' title="bbox 103 1291 1243 1379; baseline -0.004 -19"><span class='ocrx_word' id='word_1_66' title='bbox 103 1297 239 1362; x_wconf 84' lang='lat' dir='ltr'><strong>moridao</strong></span> <span class='ocrx_word' id='word_1_67' title='bbox 261 1294 399 1362; x_wconf 79' lang='lat' dir='ltr'><strong>uorsibus</strong></span> <span class='ocrx_word' id='word_1_68' title='bbox 427 1314 476 1379; x_wconf 91' lang='lat' dir='ltr'><strong>ap.</strong></span> <span class='ocrx_word' id='word_1_69' title='bbox 509 1293 585 1359; x_wconf 87' lang='lat' dir='ltr'><strong>Plat.</strong></span> <span class='ocrx_word' id='word_1_70' title='bbox 615 1293 742 1358; x_wconf 86' lang='lat' dir='ltr'><strong>PhaoIr.</strong></span> <span class='ocrx_word' id='word_1_71' title='bbox 770 1315 799 1378; x_wconf 95' lang='lat' dir='ltr'><strong>p.</strong></span> <span class='ocrx_word' id='word_1_72' title='bbox 821 1293 898 1361; x_wconf 97' lang='grc'><strong>232.</strong></span> <span class='ocrx_word' id='word_1_73' title='bbox 922 1293 955 1358; x_wconf 90' lang='lat' dir='ltr'><strong>B.</strong></span> <span class='ocrx_word' id='word_1_74' title='bbox 979 1293 1084 1377; x_wconf 86' lang='lat' dir='ltr'><strong>quibus</strong></span> <span class='ocrx_word' id='word_1_75' title='bbox 1101 1291 1215 1356; x_wconf 86' lang='lat' dir='ltr'><strong>&#39;similia</strong></span> <span class='ocrx_word' id='word_1_76' title='bbox 1240 1349 1243 1362; x_wconf 86' lang='grc'>,</span> 
     </span>
     <span class='ocr_line' id='line_1_10' title="bbox 104 1381 1216 1490; baseline 0 -28"><span class='ocrx_word' id='word_1_77' title='bbox 104 1399 215 1490; x_wconf 81' lang='lat' dir='ltr'><strong>ubique</strong></span> <span class='ocrx_word' id='word_1_78' title='bbox 241 1408 359 1472; x_wconf 84' lang='lat' dir='ltr'><strong>extant,</strong></span> <span class='ocrx_word' id='word_1_79' title='bbox 382 1394 512 1488; x_wconf 68' lang='grc' dir='ltr'><strong><em>μητέρα</em></strong></span> <span class='ocrx_word' id='word_1_80' title='bbox 530 1393 694 1482; x_wconf 75' lang='grc' dir='ltr'><strong><em>μαστῆρα</em></strong></span> <span class='ocrx_word' id='word_1_81' title='bbox 709 1381 859 1462; x_wconf 37' lang='lat' dir='ltr'><strong>&#39;Carcinus</strong></span> <span class='ocrx_word' id='word_1_82' title='bbox 880 1397 967 1460; x_wconf 88' lang='lat' dir='ltr'><strong>DioI.</strong></span> <span class='ocrx_word' id='word_1_83' title='bbox 991 1395 1030 1460; x_wconf 90' lang='lat' dir='ltr'><strong>V.</strong></span> <span class='ocrx_word' id='word_1_84' title='bbox 1054 1392 1085 1458; x_wconf 83' lang='lat'><strong>5.</strong></span> <span class='ocrx_word' id='word_1_85' title='bbox 1110 1387 1216 1462; x_wconf 80' lang='grc' dir='ltr'><strong><em>οἷκον-</em></strong></span> 
     </span>
    </p>

    <p class='ocr_par' dir='ltr' id='par_1_5' title="bbox 59 1485 1216 1693">
     <span class='ocr_line' id='line_1_11' title="bbox 59 1485 1216 1588; baseline -0.003 -20"><span class='ocrx_word' id='word_1_86' title='bbox 59 1512 61 1516; x_wconf 83' lang='grc'><strong>’</strong></span> <span class='ocrx_word' id='word_1_87' title='bbox 102 1503 237 1588; x_wconf 69' lang='grc' dir='ltr'><strong><em>τιστῆρι</em></strong></span> <span class='ocrx_word' id='word_1_88' title='bbox 251 1497 385 1588; x_wconf 78' lang='grc' dir='ltr'><strong><em>τριαίνῃ</em></strong></span> <span class='ocrx_word' id='word_1_89' title='bbox 407 1509 466 1563; x_wconf 84' lang='lat' dir='ltr'><strong>sto.</strong></span> <span class='ocrx_word' id='word_1_90' title='bbox 492 1509 524 1562; x_wconf 84' lang='lat' dir='ltr'><strong>et</strong></span> <span class='ocrx_word' id='word_1_91' title='bbox 544 1499 619 1583; x_wconf 81' lang='lat' dir='ltr'><strong>opud</strong></span> <span class='ocrx_word' id='word_1_92' title='bbox 640 1499 722 1583; x_wconf 90' lang='lat' dir='ltr'><strong>ipsos</strong></span> <span class='ocrx_word' id='word_1_93' title='bbox 743 1516 851 1585; x_wconf 78' lang='lat' dir='ltr'><strong>prosae</strong></span> <span class='ocrx_word' id='word_1_94' title='bbox 867 1499 1029 1582; x_wconf 75' lang='lat' dir='ltr'><strong>scriptores</strong></span> <span class='ocrx_word' id='word_1_95' title='bbox 1046 1485 1216 1583; x_wconf 73' lang='grc' dir='ltr'><strong><em>αὐτοκρά-</em></strong></span> 
     </span>
     <span class='ocr_line' id='line_1_12' title="bbox 103 1591 1214 1693; baseline -0.005 -23"><span class='ocrx_word' id='word_1_96' title='bbox 103 1627 168 1690; x_wconf 86' lang='grc' dir='ltr'><strong>τορ</strong></span> <span class='ocrx_word' id='word_1_97' title='bbox 191 1600 293 1693; x_wconf 79' lang='grc' dir='ltr'><strong><em>α’ρχή,</em></strong></span> <span class='ocrx_word' id='word_1_98' title='bbox 316 1592 413 1676; x_wconf 89' lang='grc' dir='ltr'><strong><em>πόλις</em></strong></span> <span class='ocrx_word' id='word_1_99' title='bbox 427 1591 717 1690; x_wconf 65' lang='grc' dir='ltr'><strong><em>θαλασσοκράτωρ</em></strong></span> <span class='ocrx_word' id='word_1_100' title='bbox 736 1613 796 1666; x_wconf 84' lang='lat' dir='ltr'><strong>eto.</strong></span> <span class='ocrx_word' id='word_1_101' title='bbox 841 1601 886 1665; x_wconf 87' lang='lat' dir='ltr'><strong>Ab</strong></span> <span class='ocrx_word' id='word_1_102' title='bbox 909 1599 1064 1676; x_wconf 84' lang='lat' dir='ltr'><strong>hisvero,</strong></span> <span class='ocrx_word' id='word_1_103' title='bbox 1088 1621 1214 1684; x_wconf 87' lang='lat' dir='ltr'><strong>quorum</strong></span> 
     </span>
    </p>

    <p class='ocr_par' dir='ltr' id='par_1_6' title="bbox 33 1691 1361 2100">
     <span class='ocr_line' id='line_1_13' title="bbox 33 1691 1214 1791; baseline 0.001 -23"><span class='ocrx_word' id='word_1_104' title='bbox 33 1731 34 1738; x_wconf 31' lang='grc' dir='ltr'><strong><em>ι</em></strong></span> <span class='ocrx_word' id='word_1_105' title='bbox 103 1705 250 1770; x_wconf 82' lang='lat' dir='ltr'><strong>feminina</strong></span> <span class='ocrx_word' id='word_1_106' title='bbox 271 1704 304 1770; x_wconf 90' lang='lat' dir='ltr'><strong>in</strong></span> <span class='ocrx_word' id='word_1_107' title='bbox 331 1691 413 1791; x_wconf 59' lang='grc' dir='ltr'><strong><em>εἶρα</em></strong></span> <span class='ocrx_word' id='word_1_108' title='bbox 424 1703 475 1770; x_wconf 84' lang='lat' dir='ltr'><strong>vol</strong></span> <span class='ocrx_word' id='word_1_109' title='bbox 496 1707 604 1770; x_wconf 82' lang='lat' dir='ltr'><strong>extant</strong></span> <span class='ocrx_word' id='word_1_110' title='bbox 624 1703 675 1769; x_wconf 83' lang='lat' dir='ltr'><strong>vel</strong></span> <span class='ocrx_word' id='word_1_111' title='bbox 697 1703 770 1789; x_wconf 77' lang='lat' dir='ltr'><strong>fingi</strong></span> <span class='ocrx_word' id='word_1_112' title='bbox 792 1713 936 1788; x_wconf 77' lang='lat' dir='ltr'><strong>possunt,</strong></span> <span class='ocrx_word' id='word_1_113' title='bbox 958 1701 1101 1787; x_wconf 82' lang='lat' dir='ltr'><strong>distingui</strong></span> <span class='ocrx_word' id='word_1_114' title='bbox 1123 1725 1214 1790; x_wconf 91' lang='lat' dir='ltr'><strong>opor-</strong></span> 
     </span>
     <span class='ocr_line' id='line_1_14' title="bbox 103 1797 1214 1893; baseline 0.002 -23"><span class='ocrx_word' id='word_1_115' title='bbox 103 1817 148 1872; x_wconf 80' lang='lat' dir='ltr'><strong>tet</strong></span> <span class='ocrx_word' id='word_1_116' title='bbox 168 1809 272 1872; x_wconf 87' lang='lat' dir='ltr'><strong>minus</strong></span> <span class='ocrx_word' id='word_1_117' title='bbox 293 1807 425 1882; x_wconf 88' lang='lat' dir='ltr'><strong>mobilia,</strong></span> <span class='ocrx_word' id='word_1_118' title='bbox 448 1803 472 1892; x_wconf 79' lang='grc' dir='ltr'><em>ἦ</em></span> <span class='ocrx_word' id='word_1_119' title='bbox 497 1807 600 1893; x_wconf 82' lang='grc' dir='ltr'><strong><em>ἴστωρ</em></strong></span> <span class='ocrx_word' id='word_1_120' title='bbox 637 1805 727 1891; x_wconf 83' lang='lat' dir='ltr'><strong>soph.</strong></span> <span class='ocrx_word' id='word_1_121' title='bbox 757 1806 807 1870; x_wconf 84' lang='lat' dir='ltr'><strong>El.</strong></span> <span class='ocrx_word' id='word_1_122' title='bbox 831 1803 906 1870; x_wconf 88' lang='grc'><strong>859.</strong></span> <span class='ocrx_word' id='word_1_123' title='bbox 939 1797 1139 1893; x_wconf 75' lang='grc' dir='ltr'><strong><em>η’άλάσταρ</em></strong></span> <span class='ocrx_word' id='word_1_124' title='bbox 1159 1826 1214 1890; x_wconf 86' lang='lat' dir='ltr'><strong>per</strong></span> 
     </span>
     <span class='ocr_line' id='line_1_15' title="bbox 104 1903 1361 1998; baseline 0.002 -26"><span class='ocrx_word' id='word_1_125' title='bbox 104 1929 207 1974; x_wconf 90' lang='lat' dir='ltr'><strong>omnos</strong></span> <span class='ocrx_word' id='word_1_126' title='bbox 233 1931 319 1974; x_wconf 85' lang='lat' dir='ltr'><strong>nasus</strong></span> <span class='ocrx_word' id='word_1_127' title='bbox 341 1906 614 1996; x_wconf 54' lang='lat' dir='ltr'><strong>Lyoophr..1318.</strong></span> <span class='ocrx_word' id='word_1_128' title='bbox 636 1907 814 1974; x_wconf 83' lang='lat' dir='ltr'><strong>Nicooharis</strong></span> <span class='ocrx_word' id='word_1_129' title='bbox 834 1908 949 1974; x_wconf 81' lang='lat' dir='ltr'><strong>Aneod.</strong></span> <span class='ocrx_word' id='word_1_130' title='bbox 979 1903 1053 1974; x_wconf 90' lang='grc'><strong>382.</strong></span> <span class='ocrx_word' id='word_1_131' title='bbox 1079 1907 1212 1994; x_wconf 82' lang='lat' dir='ltr'><strong>Aloiphr.</strong></span> <span class='ocrx_word' id='word_1_132' title='bbox 1355 1985 1361 1998; x_wconf 44' lang='lat'><strong>·</strong></span> 
     </span>
     <span class='ocr_line' id='line_1_16' title="bbox 103 2008 1212 2100; baseline 0.002 -26"><span class='ocrx_word' id='word_1_133' title='bbox 103 2009 153 2076; x_wconf 86' lang='lat'><strong>111.</strong></span> <span class='ocrx_word' id='word_1_134' title='bbox 175 2013 238 2100; x_wconf 90' lang='lat' dir='ltr'><strong>Ep.</strong></span> <span class='ocrx_word' id='word_1_135' title='bbox 261 2010 315 2078; x_wconf 88' lang='grc'><strong>62.</strong></span> <span class='ocrx_word' id='word_1_136' title='bbox 340 2011 456 2076; x_wconf 79' lang='lat' dir='ltr'><strong>Haliod.</strong></span> <span class='ocrx_word' id='word_1_137' title='bbox 482 2009 562 2076; x_wconf 84' lang='lat' dir='ltr'><strong>VIII.</strong></span> <span class='ocrx_word' id='word_1_138' title='bbox 586 2008 640 2087; x_wconf 92' lang='grc'><strong>14,</strong></span> <span class='ocrx_word' id='word_1_139' title='bbox 663 2009 738 2076; x_wconf 89' lang='grc'><strong>338.</strong></span> <span class='ocrx_word' id='word_1_140' title='bbox 768 2011 862 2076; x_wconf 86' lang='lat' dir='ltr'><strong>Anth.</strong></span> <span class='ocrx_word' id='word_1_141' title='bbox 887 2011 971 2076; x_wconf 90' lang='lat' dir='ltr'><strong>Plan.</strong></span> <span class='ocrx_word' id='word_1_142' title='bbox 996 2009 1034 2074; x_wconf 90' lang='lat' dir='ltr'><strong>N.</strong></span> <span class='ocrx_word' id='word_1_143' title='bbox 1060 2009 1134 2074; x_wconf 89' lang='grc'><strong>141.</strong></span> <span class='ocrx_word' id='word_1_144' title='bbox 1158 2010 1212 2076; x_wconf 86' lang='lat' dir='ltr'><strong>Ni·</strong></span> 
     </span>
    </p>

    <p class='ocr_par' dir='ltr' id='par_1_7' title="bbox 75 2106 1213 2612">
     <span class='ocr_line' id='line_1_17' title="bbox 75 2106 1213 2200; baseline 0.002 -21"><span class='ocrx_word' id='word_1_145' title='bbox 75 2106 77 2115; x_wconf 63' lang='lat'><strong>.</strong></span> <span class='ocrx_word' id='word_1_146' title='bbox 105 2113 187 2199; x_wconf 81' lang='lat' dir='ltr'><strong>saph.</strong></span> <span class='ocrx_word' id='word_1_147' title='bbox 216 2114 309 2199; x_wconf 84' lang='lat' dir='ltr'><strong>Grog.</strong></span> <span class='ocrx_word' id='word_1_148' title='bbox 340 2115 418 2180; x_wconf 85' lang='lat' dir='ltr'><strong>Hist.</strong></span> <span class='ocrx_word' id='word_1_149' title='bbox 441 2111 494 2196; x_wconf 72' lang='lat' dir='ltr'><strong>III.</strong></span> <span class='ocrx_word' id='word_1_150' title='bbox 523 2109 564 2192; x_wconf 84' lang='lat'><strong>8,</strong></span> <span class='ocrx_word' id='word_1_151' title='bbox 595 2111 670 2179; x_wconf 83' lang='lat'><strong>121.</strong></span> <span class='ocrx_word' id='word_1_152' title='bbox 694 2113 733 2178; x_wconf 87' lang='lat' dir='ltr'><strong>D.</strong></span> <span class='ocrx_word' id='word_1_153' title='bbox 764 2113 825 2200; x_wconf 77' lang='grc' dir='ltr'><strong><em>τῆς</em></strong></span> <span class='ocrx_word' id='word_1_154' title='bbox 853 2108 1032 2198; x_wconf 79' lang='grc' dir='ltr'><strong><em>άλέκτορος</em></strong></span> <span class='ocrx_word' id='word_1_155' title='bbox 1058 2106 1213 2200; x_wconf 72' lang='grc' dir='ltr'><strong><em>Ἀθήνας</em></strong></span> 
     </span>
     <span class='ocr_line' id='line_1_18' title="bbox 102 2214 1212 2306; baseline 0.005 -27"><span class='ocrx_word' id='word_1_156' title='bbox 102 2214 220 2281; x_wconf 83' lang='lat' dir='ltr'><strong>Athen.</strong></span> <span class='ocrx_word' id='word_1_157' title='bbox 243 2215 295 2282; x_wconf 94' lang='lat' dir='ltr'><strong>III.</strong></span> <span class='ocrx_word' id='word_1_158' title='bbox 318 2215 372 2283; x_wconf 93' lang='grc'><strong>98.</strong></span> <span class='ocrx_word' id='word_1_159' title='bbox 396 2217 431 2281; x_wconf 85' lang='grc' dir='ltr'><strong>Β.</strong></span> <span class='ocrx_word' id='word_1_160' title='bbox 456 2217 533 2301; x_wconf 88' lang='lat' dir='ltr'><strong>quod</strong></span> <span class='ocrx_word' id='word_1_161' title='bbox 554 2215 714 2282; x_wconf 83' lang='lat' dir='ltr'><strong>Passovius</strong></span> <span class='ocrx_word' id='word_1_162' title='bbox 740 2215 891 2282; x_wconf 85' lang='lat' dir='ltr'><strong>immerito</strong></span> <span class='ocrx_word' id='word_1_163' title='bbox 913 2225 1065 2299; x_wconf 83' lang='lat' dir='ltr'><strong>suspectat</strong></span> <span class='ocrx_word' id='word_1_164' title='bbox 1076 2217 1212 2306; x_wconf 82' lang='grc' dir='ltr'><strong><em>χαλκοο·</em></strong></span> 
     </span>
     <span class='ocr_line' id='line_1_19' title="bbox 103 2311 1208 2406; baseline 0 -22"><span class='ocrx_word' id='word_1_165' title='bbox 103 2316 213 2406; x_wconf 83' lang='grc' dir='ltr'><strong><em>μλταρ</em></strong></span> <span class='ocrx_word' id='word_1_166' title='bbox 233 2317 418 2404; x_wconf 85' lang='lat' dir='ltr'><strong>inoulpatum</strong></span> <span class='ocrx_word' id='word_1_167' title='bbox 440 2319 661 2395; x_wconf 77' lang='lat' dir='ltr'><strong>transmittens,</strong></span> <span class='ocrx_word' id='word_1_168' title='bbox 689 2322 725 2393; x_wconf 86' lang='grc' dir='ltr'><strong>αλ</strong></span> <span class='ocrx_word' id='word_1_169' title='bbox 745 2311 927 2405; x_wconf 81' lang='grc' dir='ltr'><strong><em>οἷκράτορος</em></strong></span> <span class='ocrx_word' id='word_1_170' title='bbox 940 2316 1059 2382; x_wconf 79' lang='lat' dir='ltr'><strong>Aeliam.</strong></span> <span class='ocrx_word' id='word_1_171' title='bbox 1077 2317 1115 2380; x_wconf 88' lang='grc' dir='ltr'><strong>Η.</strong></span> <span class='ocrx_word' id='word_1_172' title='bbox 1125 2319 1208 2384; x_wconf 89' lang='lat' dir='ltr'><strong>Ann.</strong></span> 
     </span>
     <span class='ocr_line' id='line_1_20' title="bbox 103 2416 1211 2510; baseline 0.002 -28"><span class='ocrx_word' id='word_1_173' title='bbox 103 2420 156 2486; x_wconf 86' lang='lat' dir='ltr'><strong>IX.</strong></span> <span class='ocrx_word' id='word_1_174' title='bbox 179 2418 237 2486; x_wconf 91' lang='grc'><strong>48.</strong></span> <span class='ocrx_word' id='word_1_175' title='bbox 262 2416 443 2506; x_wconf 74' lang='grc' dir='ltr'><strong><em>άθίκτορες</em></strong></span> <span class='ocrx_word' id='word_1_176' title='bbox 476 2419 648 2506; x_wconf 73' lang='grc' dir='ltr'><strong><em>παρθένοι</em></strong></span> <span class='ocrx_word' id='word_1_177' title='bbox 674 2421 777 2510; x_wconf 85' lang='lat' dir='ltr'><strong>Etym.</strong></span> <span class='ocrx_word' id='word_1_178' title='bbox 799 2421 841 2486; x_wconf 91' lang='lat' dir='ltr'><strong>M.</strong></span> <span class='ocrx_word' id='word_1_179' title='bbox 865 2441 892 2485; x_wconf 89' lang='lat' dir='ltr'><strong>s.</strong></span> <span class='ocrx_word' id='word_1_180' title='bbox 917 2421 948 2484; x_wconf 91' lang='lat' dir='ltr'><strong>h.</strong></span> <span class='ocrx_word' id='word_1_181' title='bbox 973 2442 1004 2484; x_wconf 90' lang='lat' dir='ltr'><strong>v.</strong></span> <span class='ocrx_word' id='word_1_182' title='bbox 1037 2416 1134 2482; x_wconf 84' lang='lat' dir='ltr'><strong>Unum</strong></span> <span class='ocrx_word' id='word_1_183' title='bbox 1156 2419 1211 2484; x_wconf 90' lang='lat' dir='ltr'><strong>ho·</strong></span> 
     </span>
     <span class='ocr_line' id='line_1_21' title="bbox 101 2521 1206 2612; baseline -0.001 -24"><span class='ocrx_word' id='word_1_184' title='bbox 101 2545 165 2588; x_wconf 89' lang='lat' dir='ltr'><strong>rum</strong></span> <span class='ocrx_word' id='word_1_185' title='bbox 184 2522 532 2612; x_wconf 77' lang='lat' dir='ltr'><strong>·,parasohsmatistorum</strong></span> <span class='ocrx_word' id='word_1_186' title='bbox 561 2533 670 2588; x_wconf 81' lang='lat' dir='ltr'><strong>neutro</strong></span> <span class='ocrx_word' id='word_1_187' title='bbox 699 2523 893 2608; x_wconf 78' lang='lat' dir='ltr'><strong>compositum</strong></span> <span class='ocrx_word' id='word_1_188' title='bbox 928 2521 1101 2586; x_wconf 84' lang='lat' dir='ltr'><strong>invenimus</strong></span> <span class='ocrx_word' id='word_1_189' title='bbox 1128 2521 1206 2588; x_wconf 86' lang='lat' dir='ltr'><strong>Plat.</strong></span> 
     </span>
    </p>

    <p class='ocr_par' dir='ltr' id='par_1_8' title="bbox 20 2618 1351 3530">
     <span class='ocr_line' id='line_1_22' title="bbox 20 2618 1247 2714; baseline -0.002 -20"><span class='ocrx_word' id='word_1_190' title='bbox 20 2663 32 2694; x_wconf 73' lang='grc' dir='ltr'><strong><em>ι</em></strong></span> <span class='ocrx_word' id='word_1_191' title='bbox 104 2623 170 2706; x_wconf 84' lang='lat' dir='ltr'><strong>civ.</strong></span> <span class='ocrx_word' id='word_1_192' title='bbox 194 2623 254 2690; x_wconf 90' lang='lat' dir='ltr'><strong>IX.</strong></span> <span class='ocrx_word' id='word_1_193' title='bbox 279 2624 353 2690; x_wconf 89' lang='grc'><strong>579.</strong></span> <span class='ocrx_word' id='word_1_194' title='bbox 377 2624 416 2689; x_wconf 88' lang='lat' dir='ltr'><strong>D.</strong></span> <span class='ocrx_word' id='word_1_195' title='bbox 439 2620 610 2714; x_wconf 90' lang='grc' dir='ltr'><strong><em>κάμνοντι</em></strong></span> <span class='ocrx_word' id='word_1_196' title='bbox 636 2623 682 2712; x_wconf 78' lang='grc' dir='ltr'><strong><em>τῷ</em></strong></span> <span class='ocrx_word' id='word_1_197' title='bbox 703 2618 836 2712; x_wconf 87' lang='grc' dir='ltr'><strong><em>σάματι</em></strong></span> <span class='ocrx_word' id='word_1_198' title='bbox 856 2623 913 2693; x_wconf 84' lang='grc' dir='ltr'><strong>καλ</strong></span> <span class='ocrx_word' id='word_1_199' title='bbox 939 2619 1102 2712; x_wconf 86' lang='grc' dir='ltr'><strong><em>άκράτορι</em></strong></span> <span class='ocrx_word' id='word_1_200' title='bbox 1126 2629 1209 2692; x_wconf 76' lang='grc' dir='ltr'><strong><em>ἑαυ-</em></strong></span> <span class='ocrx_word' id='word_1_201' title='bbox 1241 2647 1247 2683; x_wconf 82' lang='grc' dir='ltr'><strong><em>ι</em></strong></span> 
     </span>
     <span class='ocr_line' id='line_1_23' title="bbox 101 2715 1351 2820; baseline -0.005 -26"><span class='ocrx_word' id='word_1_202' title='bbox 101 2728 173 2809; x_wconf 80' lang='grc' dir='ltr'><strong><em>τοῦ,</em></strong></span> <span class='ocrx_word' id='word_1_203' title='bbox 196 2729 251 2793; x_wconf 87' lang='lat' dir='ltr'><strong>sed</strong></span> <span class='ocrx_word' id='word_1_204' title='bbox 281 2727 399 2820; x_wconf 77' lang='lat' dir='ltr'><strong>saepius</strong></span> <span class='ocrx_word' id='word_1_205' title='bbox 427 2728 562 2805; x_wconf 78' lang='lat' dir='ltr'><strong>verbalia</strong></span> <span class='ocrx_word' id='word_1_206' title='bbox 589 2729 621 2792; x_wconf 92' lang='lat' dir='ltr'><strong>in</strong></span> <span class='ocrx_word' id='word_1_207' title='bbox 647 2715 693 2816; x_wconf 65' lang='grc' dir='ltr'><strong>ἠ”ρ</strong></span> <span class='ocrx_word' id='word_1_208' title='bbox 721 2729 779 2794; x_wconf 88' lang='lat' dir='ltr'><strong>huo</strong></span> <span class='ocrx_word' id='word_1_209' title='bbox 801 2727 1004 2792; x_wconf 81' lang='lat' dir='ltr'><strong>descendunt:</strong></span> <span class='ocrx_word' id='word_1_210' title='bbox 1029 2723 1209 2817; x_wconf 75' lang='grc' dir='ltr'><strong><em>α’γρεστῆρκ</em></strong></span> <span class='ocrx_word' id='word_1_211' title='bbox 1341 2764 1351 2788; x_wconf 89' lang='grc'><strong>.</strong></span> 
     </span>
     <span class='ocr_line' id='line_1_24' title="bbox 100 2827 1205 2919; baseline 0 -23"><span class='ocrx_word' id='word_1_212' title='bbox 100 2827 179 2918; x_wconf 78' lang='grc' dir='ltr'><strong><em>λίνῳ</em></strong></span> <span class='ocrx_word' id='word_1_213' title='bbox 217 2829 350 2896; x_wconf 85' lang='lat' dir='ltr'><strong>Manoth.</strong></span> <span class='ocrx_word' id='word_1_214' title='bbox 374 2828 413 2894; x_wconf 89' lang='lat' dir='ltr'><strong>V.</strong></span> <span class='ocrx_word' id='word_1_215' title='bbox 441 2827 519 2912; x_wconf 90' lang='grc'><strong>279.</strong></span> <span class='ocrx_word' id='word_1_216' title='bbox 549 2827 740 2919; x_wconf 75' lang='grc' dir='ltr'><strong><em>άρπακτῆρι</em></strong></span> <span class='ocrx_word' id='word_1_217' title='bbox 768 2830 921 2918; x_wconf 75' lang='grc' dir='ltr'><strong><em>βελέμνῳ</em></strong></span> <span class='ocrx_word' id='word_1_218' title='bbox 954 2829 1062 2896; x_wconf 83' lang='lat' dir='ltr'><strong>Joann.</strong></span> <span class='ocrx_word' id='word_1_219' title='bbox 1094 2831 1205 2916; x_wconf 82' lang='lat' dir='ltr'><strong>Euphr.</strong></span> 
     </span>
     <span class='ocr_line' id='line_1_25' title="bbox 102 2923 1207 3022; baseline 0.004 -26"><span class='ocrx_word' id='word_1_220' title='bbox 102 2931 174 2998; x_wconf 82' lang='lat'><strong>465.</strong></span> <span class='ocrx_word' id='word_1_221' title='bbox 203 2923 256 3012; x_wconf 87' lang='lat' dir='ltr'><strong>(ll.</strong></span> <span class='ocrx_word' id='word_1_222' title='bbox 280 2930 370 3016; x_wconf 88' lang='grc'><strong>196.)</strong></span> <span class='ocrx_word' id='word_1_223' title='bbox 392 2931 545 3020; x_wconf 82' lang='grc' dir='ltr'><strong><em>κνιστῆρι</em></strong></span> <span class='ocrx_word' id='word_1_224' title='bbox 565 2929 739 3022; x_wconf 85' lang='grc' dir='ltr'><strong><em>χαράκτρῳ</em></strong></span> <span class='ocrx_word' id='word_1_225' title='bbox 757 2933 826 2999; x_wconf 89' lang='lat' dir='ltr'><strong>Nio.</strong></span> <span class='ocrx_word' id='word_1_226' title='bbox 843 2935 933 2998; x_wconf 87' lang='lat' dir='ltr'><strong>Alax.</strong></span> <span class='ocrx_word' id='word_1_227' title='bbox 954 2931 1035 3000; x_wconf 80' lang='lat'><strong>308.</strong></span> <span class='ocrx_word' id='word_1_228' title='bbox 1050 2936 1207 3022; x_wconf 79' lang='grc' dir='ltr'><strong><em>κυβιστη-</em></strong></span> 
     </span>
     <span class='ocr_line' id='line_1_26' title="bbox 101 3030 1207 3122; baseline 0 -20"><span class='ocrx_word' id='word_1_229' title='bbox 101 3033 174 3122; x_wconf 81' lang='grc' dir='ltr'><strong><em>τῆρι</em></strong></span> <span class='ocrx_word' id='word_1_230' title='bbox 196 3030 330 3122; x_wconf 77' lang='grc' dir='ltr'><strong><em>καρήνῳ</em></strong></span> <span class='ocrx_word' id='word_1_231' title='bbox 353 3033 457 3100; x_wconf 87' lang='grc' dir='ltr'><strong><em>Νοοιι.</em></strong></span> <span class='ocrx_word' id='word_1_232' title='bbox 478 3037 521 3100; x_wconf 91' lang='grc' dir='ltr'><strong>Χ.</strong></span> <span class='ocrx_word' id='word_1_233' title='bbox 545 3035 620 3102; x_wconf 89' lang='grc'><strong>149.</strong></span> <span class='ocrx_word' id='word_1_234' title='bbox 652 3038 767 3120; x_wconf 86' lang='lat' dir='ltr'><strong>quibus</strong></span> <span class='ocrx_word' id='word_1_235' title='bbox 787 3035 971 3100; x_wconf 91' lang='lat' dir='ltr'><strong>simillimum</strong></span> <span class='ocrx_word' id='word_1_236' title='bbox 1001 3036 1207 3102; x_wconf 84' lang='lat' dir='ltr'><strong>Arnohianum</strong></span> 
     </span>
     <span class='ocr_line' id='line_1_27' title="bbox 100 3135 1207 3228; baseline 0.011 -30"><span class='ocrx_word' id='word_1_237' title='bbox 100 3135 172 3202; x_wconf 82' lang='lat' dir='ltr'><strong>illud</strong></span> <span class='ocrx_word' id='word_1_238' title='bbox 196 3137 310 3202; x_wconf 69' lang='lat' dir='ltr'><strong>secatur</strong></span> <span class='ocrx_word' id='word_1_239' title='bbox 337 3137 580 3207; x_wconf 73' lang='lat' dir='ltr'><strong>rummatoaa‘bus</strong></span> <span class='ocrx_word' id='word_1_240' title='bbox 600 3136 637 3203; x_wconf 87' lang='lat' dir='ltr'><strong>L.</strong></span> <span class='ocrx_word' id='word_1_241' title='bbox 661 3138 728 3204; x_wconf 89' lang='lat' dir='ltr'><strong>VII.</strong></span> <span class='ocrx_word' id='word_1_242' title='bbox 753 3160 781 3203; x_wconf 84' lang='lat' dir='ltr'><strong>o.</strong></span> <span class='ocrx_word' id='word_1_243' title='bbox 804 3136 860 3205; x_wconf 86' lang='grc'><strong>24.</strong></span> <span class='ocrx_word' id='word_1_244' title='bbox 906 3137 963 3202; x_wconf 83' lang='lat' dir='ltr'><strong>Sed</strong></span> <span class='ocrx_word' id='word_1_245' title='bbox 984 3137 1091 3224; x_wconf 77' lang='lat' dir='ltr'><strong>aprino</strong></span> <span class='ocrx_word' id='word_1_246' title='bbox 1112 3143 1207 3228; x_wconf 77' lang='grc' dir='ltr'><strong><em>κυβι-</em></strong></span> 
     </span>
     <span class='ocr_line' id='line_1_28' title="bbox 102 3237 1206 3333; baseline 0.002 -27"><span class='ocrx_word' id='word_1_247' title='bbox 102 3237 252 3326; x_wconf 75' lang='grc' dir='ltr'><strong><em>στατῆρα</em></strong></span> <span class='ocrx_word' id='word_1_248' title='bbox 267 3237 369 3304; x_wconf 90' lang='lat' dir='ltr'><strong>Nonn.</strong></span> <span class='ocrx_word' id='word_1_249' title='bbox 386 3237 488 3333; x_wconf 83' lang='lat' dir='ltr'><strong>XXII.</strong></span> <span class='ocrx_word' id='word_1_250' title='bbox 505 3238 581 3304; x_wconf 88' lang='grc'><strong>371.</strong></span> <span class='ocrx_word' id='word_1_251' title='bbox 603 3242 800 3306; x_wconf 75' lang='lat' dir='ltr'><strong>masculinum</strong></span> <span class='ocrx_word' id='word_1_252' title='bbox 823 3250 881 3304; x_wconf 84' lang='lat' dir='ltr'><strong>ost.</strong></span> <span class='ocrx_word' id='word_1_253' title='bbox 926 3239 1024 3304; x_wconf 89' lang='lat' dir='ltr'><strong>Prima</strong></span> <span class='ocrx_word' id='word_1_254' title='bbox 1046 3243 1206 3308; x_wconf 78' lang='lat' dir='ltr'><strong>declinatio</strong></span> 
     </span>
     <span class='ocr_line' id='line_1_29' title="bbox 101 3335 1202 3429; baseline 0.005 -25"><span class='ocrx_word' id='word_1_255' title='bbox 101 3341 156 3406; x_wconf 84' lang='lat' dir='ltr'><strong>duo</strong></span> <span class='ocrx_word' id='word_1_256' title='bbox 188 3341 311 3426; x_wconf 80' lang='lat' dir='ltr'><strong>praebet</strong></span> <span class='ocrx_word' id='word_1_257' title='bbox 339 3339 477 3424; x_wconf 79' lang='lat' dir='ltr'><strong>exempla</strong></span> <span class='ocrx_word' id='word_1_258' title='bbox 503 3335 668 3428; x_wconf 72' lang='grc' dir='ltr'><strong><em>άρμὲοταο</em></strong></span> <span class='ocrx_word' id='word_1_259' title='bbox 697 3343 770 3429; x_wconf 85' lang='lat' dir='ltr'><strong>(sio)</strong></span> <span class='ocrx_word' id='word_1_260' title='bbox 802 3339 920 3416; x_wconf 75' lang='grc' dir='ltr'><strong><em>λίπους</em></strong></span> <span class='ocrx_word' id='word_1_261' title='bbox 955 3339 1080 3406; x_wconf 88' lang='lat' dir='ltr'><strong>Nioand.</strong></span> <span class='ocrx_word' id='word_1_262' title='bbox 1110 3345 1202 3410; x_wconf 82' lang='lat' dir='ltr'><strong>Ther.</strong></span> 
     </span>
     <span class='ocr_line' id='line_1_30' title="bbox 102 3431 1205 3530; baseline 0.005 -24"><span class='ocrx_word' id='word_1_263' title='bbox 102 3440 175 3510; x_wconf 87' lang='grc'><strong>592.</strong></span> <span class='ocrx_word' id='word_1_264' title='bbox 207 3453 239 3507; x_wconf 83' lang='lat' dir='ltr'><strong>ot</strong></span> <span class='ocrx_word' id='word_1_265' title='bbox 267 3431 491 3530; x_wconf 69' lang='lat' dir='ltr'><strong>proprisium</strong></span> <span class='ocrx_word' id='word_1_266' title='bbox 521 3441 652 3518; x_wconf 80' lang='grc' dir='ltr'><strong><em>τέκνοις</em></strong></span> <span class='ocrx_word' id='word_1_267' title='bbox 683 3444 769 3508; x_wconf 89' lang='lat' dir='ltr'><strong>Pind.</strong></span> <span class='ocrx_word' id='word_1_268' title='bbox 799 3444 887 3510; x_wconf 85' lang='lat' dir='ltr'><strong>Nem.</strong></span> <span class='ocrx_word' id='word_1_269' title='bbox 919 3440 985 3508; x_wconf 85' lang='lat' dir='ltr'><strong>Vll.</strong></span> <span class='ocrx_word' id='word_1_270' title='bbox 1017 3442 1091 3508; x_wconf 85' lang='grc'><strong>155.</strong></span> <span class='ocrx_word' id='word_1_271' title='bbox 1127 3448 1205 3529; x_wconf 81' lang='lat' dir='ltr'><strong>quod</strong></span> 
     </span>
    </p>

    <p class='ocr_par' dir='ltr' id='par_1_9' title="bbox 19 3541 1205 4142">
     <span class='ocr_line' id='line_1_31' title="bbox 19 3541 1205 3632; baseline 0.005 -26"><span class='ocrx_word' id='word_1_272' title='bbox 19 3553 21 3582; x_wconf 85' lang='lat'><strong>¹</strong></span> <span class='ocrx_word' id='word_1_273' title='bbox 100 3541 178 3616; x_wconf 78' lang='lat' dir='ltr'><strong>haud</strong></span> <span class='ocrx_word' id='word_1_274' title='bbox 197 3545 377 3612; x_wconf 84' lang='lat' dir='ltr'><strong>insolentius</strong></span> <span class='ocrx_word' id='word_1_275' title='bbox 392 3553 596 3612; x_wconf 86' lang='lat' dir='ltr'><strong>oonstrnotum</strong></span> <span class='ocrx_word' id='word_1_276' title='bbox 618 3566 705 3629; x_wconf 86' lang='lat' dir='ltr'><strong>quam</strong></span> <span class='ocrx_word' id='word_1_277' title='bbox 727 3543 803 3632; x_wconf 78' lang='grc' dir='ltr'><strong><em>φίλε</em></strong></span> <span class='ocrx_word' id='word_1_278' title='bbox 824 3546 957 3622; x_wconf 82' lang='grc' dir='ltr'><strong><em>τέκνον,</em></strong></span> <span class='ocrx_word' id='word_1_279' title='bbox 974 3545 1026 3610; x_wconf 85' lang='lat' dir='ltr'><strong>sed</strong></span> <span class='ocrx_word' id='word_1_280' title='bbox 1044 3546 1205 3629; x_wconf 81' lang='lat' dir='ltr'><strong>magis&#39;est</strong></span> 
     </span>
     <span class='ocr_line' id='line_1_32' title="bbox 101 3639 1205 3738; baseline 0.005 -28"><span class='ocrx_word' id='word_1_281' title='bbox 101 3657 135 3710; x_wconf 88' lang='lat' dir='ltr'><strong>ut</strong></span> <span class='ocrx_word' id='word_1_282' title='bbox 154 3639 302 3712; x_wconf 81' lang='lat' dir='ltr'><strong>miremur</strong></span> <span class='ocrx_word' id='word_1_283' title='bbox 329 3645 432 3714; x_wconf 77' lang='grc' dir='ltr'><strong><em>τέκνα</em></strong></span> <span class='ocrx_word' id='word_1_284' title='bbox 455 3645 511 3712; x_wconf 86' lang='lat' dir='ltr'><strong>hoo</strong></span> <span class='ocrx_word' id='word_1_285' title='bbox 537 3645 605 3712; x_wconf 83' lang='lat' dir='ltr'><strong>loco</strong></span> <span class='ocrx_word' id='word_1_286' title='bbox 624 3669 679 3732; x_wconf 91' lang='lat' dir='ltr'><strong>pro</strong></span> <span class='ocrx_word' id='word_1_287' title='bbox 707 3645 827 3720; x_wconf 74' lang='grc' dir='ltr'><strong><em>παιδία</em></strong></span> <span class='ocrx_word' id='word_1_288' title='bbox 853 3649 995 3732; x_wconf 88' lang='lat' dir='ltr'><strong>positum.</strong></span> <span class='ocrx_word' id='word_1_289' title='bbox 1017 3682 1059 3711; x_wconf 62' lang='grc' dir='ltr'><strong>-ε-</strong></span> <span class='ocrx_word' id='word_1_290' title='bbox 1080 3640 1205 3738; x_wconf 76' lang='grc' dir='ltr'><strong><em>Ἔνχεα</em></strong></span> 
     </span>
     <span class='ocr_line' id='line_1_33' title="bbox 101 3741 1205 3838; baseline 0.001 -25"><span class='ocrx_word' id='word_1_291' title='bbox 101 3741 262 3838; x_wconf 74' lang='grc' dir='ltr'><strong><em>διάκτρρα</em></strong></span> <span class='ocrx_word' id='word_1_292' title='bbox 286 3747 463 3836; x_wconf 73' lang='grc' dir='ltr'><strong><em>άηὶοτῆτος</em></strong></span> <span class='ocrx_word' id='word_1_293' title='bbox 480 3747 582 3814; x_wconf 84' lang='grc' dir='ltr'><strong><em>Νοοιι.</em></strong></span> <span class='ocrx_word' id='word_1_294' title='bbox 598 3748 748 3814; x_wconf 89' lang='lat' dir='ltr'><strong>XXXIX.</strong></span> <span class='ocrx_word' id='word_1_295' title='bbox 762 3748 816 3816; x_wconf 87' lang='grc'><strong>82.</strong></span> <span class='ocrx_word' id='word_1_296' title='bbox 840 3772 901 3815; x_wconf 93' lang='lat' dir='ltr'><strong>non</strong></span> <span class='ocrx_word' id='word_1_297' title='bbox 922 3753 959 3815; x_wconf 93' lang='lat' dir='ltr'><strong>ad</strong></span> <span class='ocrx_word' id='word_1_298' title='bbox 980 3745 1121 3836; x_wconf 74' lang='grc' dir='ltr'><strong><em>διάκταρ</em></strong></span> <span class='ocrx_word' id='word_1_299' title='bbox 1138 3773 1205 3835; x_wconf 87' lang='lat' dir='ltr'><strong>per·</strong></span> 
     </span>
     <span class='ocr_line' id='line_1_34' title="bbox 101 3849 1205 3936; baseline 0.004 -22"><span class='ocrx_word' id='word_1_300' title='bbox 101 3849 191 3930; x_wconf 84' lang='lat' dir='ltr'><strong>tinet,</strong></span> <span class='ocrx_word' id='word_1_301' title='bbox 215 3852 292 3936; x_wconf 85' lang='lat' dir='ltr'><strong>quod</strong></span> <span class='ocrx_word' id='word_1_302' title='bbox 306 3851 505 3918; x_wconf 86' lang='lat' dir='ltr'><strong>Sohnaidorus</strong></span> <span class='ocrx_word' id='word_1_303' title='bbox 527 3851 648 3918; x_wconf 87' lang='lat' dir='ltr'><strong>Bianori</strong></span> <span class='ocrx_word' id='word_1_304' title='bbox 670 3853 795 3926; x_wconf 84' lang='lat' dir='ltr'><strong>oxamit,</strong></span> <span class='ocrx_word' id='word_1_305' title='bbox 820 3854 872 3920; x_wconf 86' lang='lat' dir='ltr'><strong>sed</strong></span> <span class='ocrx_word' id='word_1_306' title='bbox 893 3863 998 3920; x_wconf 81' lang='lat' dir='ltr'><strong>tuetur</strong></span> <span class='ocrx_word' id='word_1_307' title='bbox 1012 3854 1115 3918; x_wconf 86' lang='lat' dir='ltr'><strong>Suidos</strong></span> <span class='ocrx_word' id='word_1_308' title='bbox 1138 3853 1205 3918; x_wconf 87' lang='lat' dir='ltr'><strong>alii-</strong></span> 
     </span>
     <span class='ocr_line' id='line_1_35' title="bbox 102 3949 1204 4040; baseline 0.003 -20"><span class='ocrx_word' id='word_1_309' title='bbox 102 3972 158 4036; x_wconf 73' lang='lat' dir='ltr'><strong>que</strong></span> <span class='ocrx_word' id='word_1_310' title='bbox 190 3951 471 4032; x_wconf 77' lang='lat' dir='ltr'><strong>Grammaticorum,</strong></span> <span class='ocrx_word' id='word_1_311' title='bbox 499 3976 606 4020; x_wconf 87' lang='lat' dir='ltr'><strong>vorum</strong></span> <span class='ocrx_word' id='word_1_312' title='bbox 627 3955 670 4025; x_wconf 70' lang='lat' dir='ltr'><strong>,ad</strong></span> <span class='ocrx_word' id='word_1_313' title='bbox 696 3949 886 4040; x_wconf 63' lang='grc' dir='ltr'><strong><em>διάκτορος.</em></strong></span> <span class='ocrx_word' id='word_1_314' title='bbox 913 3957 991 4020; x_wconf 81' lang='lat' dir='ltr'><strong>undo</strong></span> <span class='ocrx_word' id='word_1_315' title='bbox 1026 3951 1204 4040; x_wconf 71' lang='grc' dir='ltr'><strong><em>διάκτορον</em></strong></span> 
     </span>
     <span class='ocr_line' id='line_1_36' title="bbox 101 4045 1204 4142; baseline 0.005 -23"><span class='ocrx_word' id='word_1_316' title='bbox 101 4045 201 4142; x_wconf 85' lang='grc' dir='ltr'><strong><em>ὄμμα</em></strong></span> <span class='ocrx_word' id='word_1_317' title='bbox 229 4055 306 4121; x_wconf 81' lang='lat' dir='ltr'><strong>Gan.</strong></span> <span class='ocrx_word' id='word_1_318' title='bbox 342 4055 452 4142; x_wconf 88' lang='lat' dir='ltr'><strong>Eophr.</strong></span> <span class='ocrx_word' id='word_1_319' title='bbox 483 4056 557 4123; x_wconf 88' lang='grc'><strong>594.</strong></span> <span class='ocrx_word' id='word_1_320' title='bbox 587 4057 690 4123; x_wconf 85' lang='grc' dir='ltr'><strong><em>Νοοο.</em></strong></span> <span class='ocrx_word' id='word_1_321' title='bbox 721 4057 872 4124; x_wconf 88' lang='lat' dir='ltr'><strong>XXXIX.</strong></span> <span class='ocrx_word' id='word_1_322' title='bbox 902 4055 956 4123; x_wconf 91' lang='grc'><strong>82.</strong></span> <span class='ocrx_word' id='word_1_323' title='bbox 1007 4059 1083 4124; x_wconf 87' lang='lat' dir='ltr'><strong>Huio</strong></span> <span class='ocrx_word' id='word_1_324' title='bbox 1103 4071 1204 4126; x_wconf 84' lang='lat' dir='ltr'><strong>autem</strong></span> 
     </span>
    </p>
   </div>
   <div class='ocr_carea' id='block_1_5' title="bbox 102 4155 1202 4352">
    <p class='ocr_par' dir='ltr' id='par_1_10' title="bbox 102 4155 1202 4352">
     <span class='ocr_line' id='line_1_37' title="bbox 102 4155 1202 4246; baseline 0.005 -24"><span class='ocrx_word' id='word_1_325' title='bbox 102 4155 177 4222; x_wconf 88' lang='lat' dir='ltr'><strong>nihil</strong></span> <span class='ocrx_word' id='word_1_326' title='bbox 197 4157 295 4223; x_wconf 87' lang='lat' dir='ltr'><strong>simila</strong></span> <span class='ocrx_word' id='word_1_327' title='bbox 317 4157 353 4222; x_wconf 80' lang='lat' dir='ltr'><strong>ab</strong></span> <span class='ocrx_word' id='word_1_328' title='bbox 375 4158 504 4245; x_wconf 87' lang='lat' dir='ltr'><strong>antiquis</strong></span> <span class='ocrx_word' id='word_1_329' title='bbox 525 4160 622 4246; x_wconf 80' lang='lat' dir='ltr'><strong>poetis</strong></span> <span class='ocrx_word' id='word_1_330' title='bbox 643 4161 745 4226; x_wconf 89' lang='lat' dir='ltr'><strong>fiotum</strong></span> <span class='ocrx_word' id='word_1_331' title='bbox 778 4169 826 4225; x_wconf 87' lang='lat' dir='ltr'><strong>ost</strong></span> <span class='ocrx_word' id='word_1_332' title='bbox 854 4171 974 4245; x_wconf 84' lang='lat' dir='ltr'><strong>praetor</strong></span> <span class='ocrx_word' id='word_1_333' title='bbox 1016 4163 1124 4227; x_wconf 83' lang='lat' dir='ltr'><strong>Aesch.</strong></span> <span class='ocrx_word' id='word_1_334' title='bbox 1149 4163 1202 4239; x_wconf 84' lang='lat' dir='ltr'><strong>Fr,</strong></span> 
     </span>
     <span class='ocr_line' id='line_1_38' title="bbox 133 4257 979 4352; baseline 0.005 -39"><span class='ocrx_word' id='word_1_335' title='bbox 133 4257 242 4315; x_wconf 67' lang='lat' dir='ltr'><strong>notam</strong></span> <span class='ocrx_word' id='word_1_336' title='bbox 261 4261 384 4331; x_wconf 73' lang='lat' dir='ltr'><strong>Parab&#39;p.</strong></span> <span class='ocrx_word' id='word_1_337' title='bbox 601 4260 620 4352; x_wconf 20' lang='lat'><strong>¹⁴</strong></span> <span class='ocrx_word' id='word_1_338' title='bbox 937 4272 979 4338; x_wconf 77' lang='lat'><strong>18</strong></span> 
     </span>
    </p>
   </div>
   <div class='ocr_carea' id='block_1_6' title="bbox 0 0 1470 4872">
    <p class='ocr_par' dir='ltr' id='par_1_11' title="bbox 0 0 1470 4872">
     <span class='ocr_line' id='line_1_39' title="bbox 0 0 1470 4872; baseline 0 2"><span class='ocrx_word' id='word_1_339' title='bbox 0 0 1470 4872; x_wconf 95' lang='lat' dir='ltr'><strong> </strong></span> 
     </span>
    </p>
   </div>
  </div>
 </body>
</html>
