2926 4886
304 333 363 400 ott
383 331 573 400 Antnc't.
596 327 809 404 IMMOBIL.
839 333 875 404 C.
897 333 960 400 111.
984 336 1012 420 5.
1031 335 1066 402 2.
1174 337 1248 406 297

133 527 210 592 ture
245 509 286 582 τύ
306 509 489 603 βούκερων,-
518 509 564 601 api
585 511 736 602 βουκλρρ
758 513 919 598 Theophr.
936 513 1000 584 τού
1020 515 1188 614 βουκὲρου
1215 521 1248 584 in

134 617 351 702 Hippiatrieis,
389 617 467 700 quod
495 615 694 680 Schneiderus
720 615 757 678 nd
784 615 933 700 Theophr.
962 617 999 682 Τ.
1028 617 1079 682 111.
1110 619 1186 696 589.
1215 624 1248 686 in

135 719 326 804 Hippocratis
349 717 435 784 libris
455 717 622 801 quaesivit,
645 716 811 800 seripturae
833 719 1005 803 compendio
1028 721 1188 806 deceptum
1218 737 1250 790 et

135 822 230 886 attiae
256 814 451 908 αἰγόκερως,
480 815 651 908 βούκερωςλ
678 820 813 884 Diosoor.
837 821 910 886 Met.
934 820 972 884 11.
998 821 1079 900 121,
1102 823 1177 890 213.
1208 826 1246 892 11.

135 922 216 1000 297,
240 923 316 988 323.
352 915 559 1011 τραγόκερως
581 922 633 988 111.
656 921 716 998 25,
741 919 815 988 364.
849 921 1064 1009 καλλικέρεως
1090 919 1189 1015 χυλός
1216 929 1249 994 in

135 1026 271 1092 formula
297 1025 414 1092 medina
443 1025 550 1092 onan.
581 1026 617 1090 de
646 1025 749 1109 Comp.
780 1024 860 1090 net.
890 1025 1246 1109 ρ.1ωεο.1.1,423.

136 1128 176 1192 Τ.
200 1127 273 1192 Χ11.
305 1129 383 1212 qued
402 1127 516 1194 reetiua
538 1127 592 1194 sed
613 1127 755 1192 mendoso
781 1138 882 1196 tamen
902 1138 1028 1196 aeeontu
1042 1131 1192 1198 ‘scaniam
1214 1156 1247 1220 p.

131 1228 215 1297 426.
239 1229 438 1317 καλλικέρως
461 1226 524 1316 τῆς
543 1220 670 1316 τήλεως
692 1228 784 1296 δοκεῖ
806 1251 870 1316 μοι
892 1230 1017 1318 λέγειν,
1047 1229 1251 1319 ὀνομάζεται
1365 1237 1369 1246 “

135 1331 177 1399 δὲ
197 1327 285 1420 παρ’
302 1330 392 1420 ἡμῖν
418 1338 456 1400 ἐν
475 1323 572 1419 Ἀοίςι
599 1325 795 1420 αἰγόκερως,
824 1333 876 1401 sed
900 1333 1093 1416 distinguitur
1118 1335 1151 1398 ia
1173 1335 1250 1400 libro

136 1436 176 1500 de
197 1435 393 1502 praeamata
414 1457 443 1520 p.
468 1435 543 1500 731.
567 1436 603 1500 Τ.
626 1435 715 1500 XIX.
745 1430 825 1504 οἷντλ
845 1434 1024 1521 καλλικέρω
1050 1434 1126 1521 (sie)
1144 1437 1249 1524 τῆλις.

612 1623 739 1708 ἐν.

208 1741 244 1807 λιι
264 1723 320 1816 Ei}
342 1763 417 1827 quine
440 1751 556 1808 exeunt
576 1745 779 1828 nomponendn
802 1765 863 1809 non
884 1754 1052 1821 mutantur,
1074 1736 1249 1832 εἴβρόδαις,

139 1837 291 1927 ticinum,
320 1839 526 1932 ὄβριμόπαις
554 1857 614 1911 ete.
648 1845 708 1910 nisi
737 1863 756 1912 a
785 1849 876 1912 verbo
905 1847 1052 1933 originem
1080 1847 1190 1912 habent
1216 1859 1252 1912 ut

138 1943 295 2031 αἴθοπος,
324 1940 541 2032 amiternae,
568 1960 622 2014 aut
646 1971 714 2016 eum
735 1949 957 2033 praepositione
982 1950 1145 2034 composita
1166 1961 1248 2028 sunt,

138 2051 312 2137 Epiduetin
325 2049 453 2114 Veneris
474 2061 715 2136 cognomentum.
745 2051 780 2116 In
799 2039 862 2126 οἶος
881 2053 1021 2124 (1οοιεο1ε
1039 2063 1122 2130 sunt,
1145 2052 1251 2142 γραῦς

139 2165 172 2218 et
192 2152 295 2251 ναύς,
316 2153 353 2219 ad
376 2153 570 2237 copulandum
592 2153 714 2238 perinde
737 2164 816 2237 apta.
854 2155 1000 2218 Arcadius
1021 2167 1051 2238 p.
1071 2150 1127 2232 93,
1151 2155 1182 2220 1.
1207 2153 1251 2223 τοὶ

138 2260 188 2330 εἰς
204 2279 269 2330 αυς
284 2249 530 2342 πολυσύλλαβα
545 2250 767 2344 βαρύνονται,
783 2248 966 2344 χιλιόναος,
983 2253 1155 2346 ὅμόγραυς
1172 2259 1247 2340 (ser.
1274 2295 1278 2301 ·

139 2353 335 2446 οἷμύγραυς)
354 2358 431 2442 quod
450 2359 619 2424 mendosius
637 2359 727 2424 etium
745 2355 917 2446 ‹iproypuaic
936 2359 1078 2423 scribitur
1095 2381 1143 2444 ap.
1161 2361 1249 2424 Phot.

138 2483 167 2527 s.
194 2453 476 2549 Σπαρτοπύλιον.
517 2461 630 2526 Eodem
651 2463 737 2526 modo
758 2453 972 2550 inproperatur,
995 2457 1176 2542 λιπόναυς,
1197 2485 1251 2551 χι-

137 2556 295 2642 λιόναυς,
325 2563 497 2646 pnibuseum
522 2564 612 2628 attica
634 2565 729 2630 terma
753 2564 881 2630 invaluit
905 2557 1082 2652 α’ρχένεως,
1111 2557 1248 2640 εύνεως,

137 2659 320 2745 λιπόνεως,
349 2660 599 2752 Ἀναβησίνεας
626 2667 661 2732 ab
687 2667 817 2732 Homero
844 2667 966 2740 {intuma
991 2675 1033 2732 ,et
1060 2666 1097 2730 ad
1125 2665 1251 2749 primum

139 2769 278 2834 ordinem
302 2767 450 2832 destinata
473 2764 637 2858 πολύχειρ
656 2770 713 2837 καλ
732 2763 948 2858 πολυναύτης
966 2767 1077 2832 Aestii.
1091 2767 1176 2832 Pers.
1193 2765 1247 2832 83.
1264 2790 1269 2807 ο
1405 2759 1410 2772 ’

139 2859 261 2943 στόλος
277 2862 490 2958 χιλιοναύτης
503 2873 562 2956 Ag.
579 2871 633 2936 15.
654 2872 685 2936 it
702 2883 760 2949 est,
785 2872 889 2939 elassis
905 2871 1153 2955 Agamemnonis,
1173 2891 1249 2955 (puae

138 2974 233 3059 vulgo
255 2967 426 3062 prisionem
447 2985 575 3038 venatur
596 2975 695 3040 Strab.
713 2976 797 3042 Xtii.
818 2974 893 3040 594.
918 2974 990 3046 'Sed
1008 2968 1248 3062 Ἀργοναύτης,
1318 3025 1320 3032 .

139 3067 350 3162 Σωσταύτιγς
374 3075 474 3142 Sehol.
495 3075 594 3162 Apoll.
617 3077 657 3142 11.
681 3077 804 3154 74155
827 3077 992 3144 masculino
1016 3073 1144 3162 ναύτης
1170 3097 1250 3142 eom-

139 3179 261 3267 pesita3
285 3174 498 3268 χιλιοναύτης
516 3179 674 3264 figuratum
696 3192 730 3245 ut
746 3173 911 3269 αἷβούτης,
931 3170 1163 3275 παλυβυύτης,
1184 3179 1250 3246 λει·
1282 3187 1285 3196 “

139 3273 331 3368 mandarun,
360 3293 413 3365 pro
435 3303 495 3366 quo
515 3275 700 3358 λειπόταξις
722 3285 780 3348 diei
800 3293 919 3370 poterat
943 3293 977 3348 ut
998 3278 1163 3367 κύκνοψις
1184 3276 1249 3348 οἷν-

139 3391 285 3470 &ponec
305 3383 428 3465 Anthnl.
459 3375 631 3458 πολύλεξις
652 3381 749 3473 λόγος
775 3378 889 3450 Anend.
916 3407 944 3468 p.
958 3383 1044 3454 758.
1075 3395 1111 3447 et·
1128 3381 1201 3448 759.
1220 3385 1249 3468 ⁸)

140 3487 243 3571 anue
264 3487 361 3550 forma
382 3486 447 3550 sola
468 3497 531 3562 est,
556 3487 604 3550 eui
626 3489 719 3552 verba
739 3488 842 3573 affingi
862 3487 990 3572 possint,
1012 3497 1248 3576 ταχυναυτεῖν,

139 3587 387 3656 λειποτακτεῑν.
430 3589 562 3654 Tertiam
588 3599 817 3674 repraesentant
843 3589 1058 3675 andronyrpiea
1079 3582 1247 3676 Ἐχένηος,

210 3793 240 3859 8)
256 3794 328 3846 Hane
342 3809 474 3860 perrarum
490 3793 715 3848 confermationem
732 3791 839 3861 ejusque
855 3793 1050 3858 ambiguitatem
1065 3790 1198 3856 designari
1215 3791 1249 3842 ad

139 3877 238 3950 Pnrpn.
258 3897 283 3950 p.
304 3880 364 3933 628.
401 3880 449 3932 tttn
466 3895 483 3931 a
501 3880 644 3932 nominibus
661 3880 799 3946 nonpnsnn
817 3887 878 3932 sunt
898 3887 928 3930 ut
947 3875 1107 3946 priorissam
1125 3872 1210 3946 ὄρεξις
1232 3891 1249 3928 a

139 3963 231 4018 Proeto
249 3967 276 4017 in
293 3965 371 4016 Petit.
391 3982 417 4034 p.
436 3966 496 4018 116.
519 3967 560 4018 his
577 3967 718 4028 iteratum
743 3967 789 4018 sed
805 3960 999 4038 βαρβαρόλεξιε
1015 3962 1084 4028 apud
1102 3961 1249 4014 charisium

139 4057 169 4101 et
181 4051 374 4104 barbarolexis
391 4067 433 4118 ap.
452 4051 593 4115 Isidorum,
614 4070 663 4120 quo
681 4051 817 4104 Ernestius
835 4051 861 4102 in
879 4049 975 4102 Teehn.
995 4047 1072 4100 nunt.
1092 4047 1139 4100 Gr.
1157 4065 1182 4116 p.
1203 4045 1245 4100 at:

139 4143 168 4188 et
186 4135 331 4207 Gryaurina
352 4138 380 4188 in
398 4136 493 4191 Theer.
514 4138 574 4192 stit.
592 4139 652 4192 Lat.
671 4155 697 4207 p.
716 4139 744 4196 2.
763 4144 889 4200 utuntur,
914 4149 943 4186 re
960 4149 1025 4188 vera
1046 4134 1185 4187 barbarum
1206 4139 1248 4184 est

137 4237 186 4290 pro
200 4217 417 4296 onomaton·
528 4265 530 4270 -

924 4417 927 4426 Α
1012 4318 1082 4385 15*
