2914 4882
150 308 205 374 DE
228 305 367 374 NOMIN.
382 305 538 372 Anrucr.
555 305 607 374 ΕΤ
621 305 752 375 SUBST.
768 303 860 373 GEN.
876 303 1011 372 AMBIG.
1023 301 1059 392 ς.
1070 305 1123 376 10.
1145 309 1212 378 371

97 489 307 556 oonceslentur
326 487 494 552 veteribus.
536 482 728 576 Ἅβρόπονς
749 497 781 552 et
801 477 1014 576 ἐλοφρόπονς
1034 479 1213 576 precipicio

97 604 132 656 et
154 589 301 678 ἐλαφρός
330 586 419 664 πούς
438 589 503 676 jam
531 589 584 655 alii
615 589 823 666 sustulerunte
853 611 907 676 pro
936 585 1108 676 ξεναπιῖοη
1135 591 1212 675 aputl

98 694 255 758 Pollucem
286 704 369 758 recte
398 694 586 758 emendatum
617 702 664 757 est
696 685 885 779 ξεναπάτης
913 705 947 761 ut
976 688 1209 782 φρεναπάτης.

95 792 324 882 Ὀμηροοποίνη
348 806 380 860 et
399 787 674 880 ξενοννοτοποίτη
694 793 875 879 joculariter
905 796 993 874 hota;
1021 791 1212 886 λεοχομοῖχη

99 897 324 982 lexicographi
346 898 522 962 asciverunt
544 919 562 962 e
582 897 717 960 Timonis
739 917 844 972 versu,
867 898 918 964 nhi
937 891 1154 990 λεσχομοῖχοιν
1167 899 1211 964 lc·

99 1001 213 1085 giture-
226 1021 284 1063 nee
305 1000 374 1064 helei
398 1001 472 1064 sah's
495 1000 584 1064 hahet
605 992 815 1086 φρενολύπη,
838 1001 915 1084 quod
934 1001 1084 1088 Aeschylo
1106 1000 1212 1066 tribuit

98 1103 302 1166 Hermannus.
326 1102 429 1186 Zoege
450 1101 485 1166 de
502 1101 631 1166 Obelisc.
650 1125 679 1188 p.
696 1099 750 1166 36.
776 1102 915 1180 „Latini,
938 1103 1047 1188 inquit,
1071 1124 1112 1168 ex
1129 1098 1212 1194 α’γο·

97 1201 167 1279 θὸς
187 1203 322 1290 δαίμων
343 1204 498 1268 finxerunt
522 1204 793 1288 Agathodaemonis
815 1205 1003 1282 vocabulum,
1028 1206 1105 1290 qnod
1124 1227 1212 1292 prae·

101 1329 169 1372 cnm
192 1318 226 1370 ut
247 1306 287 1370 sit
308 1307 451 1370 dubito.“
464 1306 565 1400 'Certe
586 1307 742 1372 aGraecis
756 1317 930 1392 usurpatum
952 1317 1018 1388 εει,
1042 1307 1210 1391 Simplicius

99 1411 132 1476 in
157 1410 263 1494 Categ.
287 1410 320 1474 B.
341 1434 372 1494 η.
395 1410 424 1472 6.
448 1403 533 1475 ὅταν
558 1411 626 1495 μὲν
646 1406 710 1496 γοὶρ
740 1409 779 1476 ἓν
811 1403 833 1501 ᾖ
862 1406 901 1476 τὸ
925 1409 1068 1498 πρᾶγμα
1091 1408 1148 1478 ναὶ
1170 1407 1211 1476 τὸ

99 1509 216 1599 νόημα
246 1519 297 1589 ἕν,
319 1507 454 1578 ἁπλοῦν
473 1515 567 1578 ἔσται
586 1508 625 1576 τὸ
652 1507 837 1599 λεγόμενον
857 1507 924 1578 univ
950 1505 1035 1580 οἷνεν
1054 1514 1211 1600 ονμπλο-

100 1609 1211 1701 mmmmmmmwmfflmfflmc

98 1716 123 1805 ἢ
147 1714 411 1804 οἷμοθοιῖοἵμων,
441 1716 494 1780 sed
519 1716 666 1801 adjective
696 1727 730 1780 nt
759 1712 949 1804 εὐδαίμων,
977 1715 1210 1806 κακοδαίμων,

99 1841 178 1906 qnae
201 1819 285 1883 side
314 1819 505 1884 daemonibus
534 1819 692 1898 dicuntur,
727 1821 982 1885 substantivorum
1011 1821 1140 1906 speciem
1162 1820 1211 1886 in-

100 1926 209 1998 duunt,
233 1942 290 2010 qua
311 1921 457 1985 falluntur
477 1922 602 1986 incauti.
649 1922 698 1986 Sic
722 1922 862 1988 Clemens
885 1922 1010 1988 Cohort.
1038 1923 1137 2008 ρ.42,
1154 1923 1207 1991 19.

99 2029 145 2111 (p.
168 2023 224 2088 31.
249 2024 300 2106 Β.)
323 2023 492 2108 Serapidem
521 2023 698 2108 simpliciter
718 2035 807 2090 vocat
837 2023 898 2092 τὸν
917 2023 1210 2114 μεγαλοδοεῖμονν,

101 2127 253 2192 diabolum
267 2126 413 2190 Eusebius
434 2126 518 2190 Dem.
536 2124 588 2189 ltu
607 2124 680 2190 158.
698 2127 733 2189 C.
753 2139 784 2192 et
803 2128 835 2192 in
854 2128 930 2192 Plat.
947 2129 1014 2194 Civ.
1042 2127 1107 2192 Vll.
1132 2127 1208 2196 527.

101 2231 140 2295 C.
159 2232 196 2294 ad
218 2229 399 2294 sententiam
422 2229 497 2292 nihil
518 2229 659 2308 interest,
684 2239 784 2292 utrum
806 2234 844 2297 ἓν
860 2229 903 2320 τῇ
919 2230 1004 2321 καλῇ
1018 2223 1114 2298 πόλει
1134 2233 1210 2296 sori·

99 2337 193 2400 hatur
215 2353 253 2396 an
276 2336 312 2398 ἐν
331 2331 374 2421 τῇ
396 2325 609 2406 καλλιπόλει,
632 2351 689 2394 nec
710 2342 810 2396 tamen
838 2333 905 2397 ideo
934 2333 961 2397 si
990 2333 1055 2416 quis
1077 2333 1210 2418 pulcrum

101 2433 296 2518 conspexerit
318 2435 434 2510 urhems
457 2435 561 2516 dicere
579 2435 690 2520 poterit
711 2433 812 2502 εἶδον·
824 2432 1033 2504 ναλλίπολιν.
1076 2434 1111 2498 In
1133 2435 1208 2502 Eur.

99 2538 212 2602 Troad.
237 2534 311 2600 536.
336 2534 433 2627 χάριν
452 2531 574 2626 οἴζνγος
595 2529 881 2626 ἀμβροτοπώλου,
903 2538 931 2602 si
952 2539 1006 2602 dee
1024 2537 1210 2622 significatur

98 2651 286 2726 postremum
315 2641 467 2724 epitheton
498 2643 541 2704 sic
570 2641 700 2726 intelligi
729 2641 834 2716 dehet,
865 2651 900 2704 nt
931 2636 1146 2714 νλννόπωλος
1174 2661 1206 2704 v.

100 2743 271 2808 Mehlhorn.
296 2743 331 2806 ad
353 2745 465 2808 Anacr.
489 2766 518 2827 p.
545 2742 617 2809 132.
642 2745 669 2808 si
691 2762 882 2827 vero‘cqnns
903 2742 1026 2820 Durius,
1050 2743 1135 2806 deest
1156 2762 1210 2806 no·
1311 2773 1320 2785 ·

100 2867 174 2910 men
194 2852 310 2924 ἵππος,
331 2847 384 2909 sed
406 2857 617 2929 compensatur
638 2847 750 2910 duobus
772 2845 910 2930 epithetis
933 2838 1012 2926 ἄζυξ
1029 2854 1060 2910 et
1080 2840 1211 2934 οἷμβρο·

101 2945 267 3028 νόπωλος,
290 2969 414 3032 qnorum
436 2947 509 3012 illud
530 2949 629 3014 animo
652 2949 862 3034 cogitationem
880 2948 1011 3034 jumenti
1032 2947 1153 3034 objicit,
1176 2959 1211 3014 ut

103 3050 244 3137 bijugus,
267 3049 477 3136 puudrejitgus
498 3061 528 3116 et
548 3043 750 3138 μονάμπνξ,
778 3072 854 3136 quae
875 3050 989 3136 pariter
1009 3050 1144 3116 absolute
1166 3051 1210 3116 di·

102 3164 231 3232 onntnr3
253 3153 379 3216 ulterius
401 3163 500 3218 autem
529 3174 597 3237 pars
618 3153 767 3240 posterior
792 3154 821 3217 id
843 3155 939 3238 ipsum
962 3153 1112 3240 significat
1132 3155 1209 3240 quod

102 3263 235 3330 imorem·
268 3255 389 3320 Plenius
411 3275 485 3318 vero
499 3243 566 3319 'dici
588 3257 685 3341 potuit
706 3262 811 3330 ἵππος
827 3251 1108 3344 οἷμβροτόπωλος,
1130 3257 1210 3324 siout

102 3379 194 3444 saepe
223 3358 391 3422 nominibus
423 3358 572 3420 adduntur
601 3359 729 3443 epitheta
758 3380 777 3423 a
808 3359 929 3424 nomine
959 3379 1130 3446 synonymo
1158 3356 1210 3422 vel

102 3462 315 3526 homoeoscmo
340 3459 513 3543 composita,
537 3451 634 3544 κόρος
662 3455 835 3546 provisione
862 3461 936 3525 Eur.
964 3461 1031 3526 Alo.
1053 3458 1128 3526 995.
1152 3452 1210 3526 εὖ·

101 3588 186 3638 παις
203 3557 277 3638 vitis
303 3561 405 3627 Noun.
428 3559 544 3624 xxtv.
569 3559 621 3626 86.
651 3556 855 3649 α’ροενόπαις
878 3555 979 3651 γόνος
1001 3563 1094 3628 Anth.
1121 3561 1206 3630 Plan.

101 3667 143 3732 N.
174 3665 251 3730 131.
282 3687 312 3750 p.
335 3663 409 3730 666.
442 3659 641 3750 ἀνθρώπων
665 3661 845 3752 οἷνοίνιῖρων
873 3666 952 3737 Plut.
983 3665 1022 3732 V.
1051 3665 1147 3730 Marc.
1177 3685 1206 3730 c.

101 3768 188 3838 Xlll.
221 3760 396 3853 εὐόρνιθες
431 3768 549 3832 οἴωνοι
576 3767 711 3854 Dionys.
736 3769 821 3834 Antt.
852 3767 890 3832 11.
922 3767 977 3845 73,
1007 3764 1082 3832 398.
1112 3765 1210 3854 νηλέ-

101 3879 204 3962 peno
236 3883 319 3958 γαῖν
353 3869 476 3954 Oppiam.
502 3869 569 3933 Hal.
594 3869 646 3934 lV.
677 3869 751 3935 336.
780 3864 978 3959 canopoeo
1011 3869 1073 3937 olo
1095 3867 1206 3934 Aesoh.
1297 3898 1299 3904 ¹

104 3975 189 4060 Sept.
214 3970 288 4036 306.
315 3963 437 4058 σελήνη
460 3969 651 4059 πάμμηνος
671 3973 823 4037 Plutarch.
848 3973 884 4036 de
906 3971 977 4036 Fac.
1001 3971 1080 4036 Lun.
1104 3969 1206 4036 XXII.

102 4074 159 4140 71.
196 4073 234 4139 Τ.
262 4073 347 4139 Xlll.
381 4077 479 4165 χαίτη
515 4069 633 4162 εὔθριξ
670 4085 702 4139 et
743 4068 930 4160 νοανόθριξ
966 4073 1043 4140 Poll.
1074 4073 1100 4138 1.
1132 4071 1207 4139 189.

101 4177 198 4242 Amth.
222 4177 287 4243 Pal.
311 4176 363 4242 Vl.
388 4199 420 4244 n.
443 4176 518 4248 256.
543 4171 650 4268 φόβαι
665 4171 860 4269 ὀρθότριχες
877 4177 1005 4266 Dionys.
1028 4176 1115 4244 Antt.
1139 4173 1206 4242 Vll.
1296 4177 1300 4190 '
1441 4145 1442 4154 ¹
