2944 4888
256 273 303 365 'aa
371 267 427 301 *²*
626 291 942 360 nrssnnrurro
971 293 994 355 1.

256 479 299 543 ad
315 475 412 541 Strab.
445 471 499 543 lX.
525 471 601 539 664.
634 471 678 566 τῇ
706 470 951 540 Μακεδονίκιδι
980 465 1213 563 Θεσσαλονίκῃ
1240 473 1361 538 Aelian.

255 581 293 644 H.
316 578 398 642 Anu.
421 576 492 641 XV.
515 575 569 643 20.
595 577 659 640 cod.
688 572 910 654 Muasdouidt‚
933 586 966 638 ut
993 571 1145 659 Tepidae
1166 596 1220 658 pro
1248 576 1363 662 Ταφί-

252 680 344 756 τιδος
366 681 464 744 Strab.
487 678 585 743 xvtt
609 676 683 746 833.
704 677 765 761 τῆς
785 670 1060 763 Κροτανιάκιιλος
1082 677 1208 740 Aristot.
1232 679 1359 742 Mirabb.

254 807 281 850 c.
307 783 397 846 CVII.
422 781 577 844 Bekkerus
593 779 740 864 ,praetulit
761 779 883 862 vulgato
906 771 1169 864 Kpoeqmu'dog,
1195 777 1363 864 produlia

251 887 294 974 νῆ
321 883 470 968 'lbeopbm
502 884 538 946 de
559 882 631 965 Lap.
663 883 691 964 ἕ.
716 879 770 946 49.
807 880 1005 944 Schneiderus
1031 877 1155 954 ύελῑκις
1182 883 1301 966 scripsit
1330 895 1363 946 et
1460 897 1463 933 1

252 1010 305 1068 pro
327 984 501 1073 αἱμακίδες
522 985 558 1046 de
582 983 673 1048 Odor.
697 981 751 1059 40,
774 979 850 1046 889.
875 979 1096 1067 αἱματίκαλες,
1117 1005 1170 1066 pro
1191 983 1363 1072 μαργαρί-

251 1089 305 1162 dea
327 1089 431 1152 Corais
454 1089 490 1152 ad
512 1085 627 1149 Heliod.
652 1107 681 1169 p.
704 1084 777 1151 102.
801 1082 1051 1170 μαργαρίκιδες,
1074 1085 1123 1148 bic
1143 1086 1265 1175 injuria,
1291 1109 1362 1152 nam

249 1189 418 1279 μαργαρίς
439 1189 557 1272 saepius
580 1187 711 1272 legitur3
735 1189 787 1252 sed
811 1187 860 1252 ubi
883 1187 1020 1270 exempla
1043 1188 1168 1263 desunt,
1191 1210 1241 1252 res
1264 1190 1299 1252 ad
1316 1190 1363 1252 di·
1460 1201 1466 1224 ³

249 1294 434 1358 vinationem
456 1291 554 1365 redit,
583 1291 723 1374 quoniam
745 1301 776 1354 et
799 1289 988 1352 librariorum
1018 1289 1050 1351 in
1074 1291 1245 1354 omittendis
1267 1291 1363 1376 sylla·
1458 1308 1463 1333 r

249 1397 294 1460 bis
317 1393 500 1478 negligentia
523 1403 593 1456 nota
616 1402 647 1454 et
663 1391 847 1456 Graecorum
871 1392 903 1454 in
918 1385 1077 1456 'variandis
1099 1391 1363 1456 terminationibus
1459 1407 1466 1448 r

249 1483 336 1572 met
358 1483 424 1570 ἷτ-ις
440 1495 562 1558 libertas
585 1513 679 1578 paene
701 1493 836 1568 infinita,
871 1493 1096 1577 significationis
1125 1505 1225 1558 autern
1253 1495 1361 1579 discri-
1465 1523 1466 1550 r

144 1677 145 1680 Ἴ
249 1622 319 1664 men
340 1600 455 1669 nullum
479 1608 542 1678 est,
571 1595 631 1674 nisi
654 1596 730 1678 quod
752 1595 875 1658 brevior
896 1597 993 1658 torma
1014 1596 1202 1660 substantivo
1224 1597 1359 1680 propior,
1458 1597 1466 1654 4

140 1687 143 1694 ¹
247 1703 368 1786 longior
396 1701 563 1785 adjectivo,
588 1698 687 1762 'sicud
724 1699 929 1782 poppedius
956 1695 1077 1784 βίβλος
1113 1698 1220 1761 Galen.
1251 1698 1358 1782 Comp.
1459 1745 1460 1764 2

246 1805 354 1868 Medic.
384 1823 413 1886 p.
446 1802 537 1867 Locc.
569 1799 606 1862 ll.
637 1798 669 1876 3,
700 1798 774 1864 593.
804 1800 840 1862 Τ.
863 1800 933 1862 Xll.
965 1801 1048 1864 nullo
1070 1802 1156 1876 modo
1179 1801 1236 1864 dici
1258 1811 1362 1885 potest
1458 1852 1462 1858 .

248 1901 436 1992 φαρμακίς,
460 1924 516 1968 nco
537 1902 644 1992 τρίχες
664 1899 897 1989 βλεφαρίκαλες
920 1903 1003 1966 Paul.
1028 1903 1105 1987 Aeg.
1130 1903 1195 1967 Vll.
1220 1902 1251 1966 3.
1277 1901 1357 1969 255.
1457 1953 1462 1966 .

248 2007 369 2071 eaedem
389 2003 605 2093 βλεφαρίδας,
635 2015 687 2070 aut
708 2027 804 2069 venae
822 2005 980 2089 jugulares
1005 2003 1164 2093 σφαγίδας
1190 2027 1243 2089 pro
1266 2029 1360 2092 qpu-
1456 2029 1464 2060 ³³

245 2106 367 2198 ylerdae
374 2111 398 2190 ,’
417 2129 490 2192 quae
521 2109 641 2193 longior
670 2109 766 2170 forma
786 2108 819 2170 in
833 2095 913 2193 ‘tc—qe
937 2120 970 2172 et
989 2095 1055 2184 ἶτῖς
1076 2109 1112 2172 ab
1135 2109 1269 2172 omnibus
1295 2119 1360 2172 ter·
1456 2133 1466 2168 r

246 2211 457 2276 minationibus
480 2221 568 2310 atque
591 2213 664 2276 adeo
687 2212 722 2273 ab
741 2210 896 2294 adjectivis
917 2212 989 2296 ipsis
1013 2210 1223 2298 proficiscitur,
1257 2207 1359 2297 αννί-
1457 2239 1466 2294 7

244 2313 385 2400 cpe⁶⁰),
418 2313 589 2400 λευκίκης,
619 2310 833 2399 ψαφαρίτης,
863 2313 1070 2403 μακαρίτης,
1102 2311 1236 2399 melicae
1264 2313 1356 2378 Eust.
1459 2354 1460 2366 1

234 2438 275 2500 p.
301 2415 397 2499 1007,
420 2417 472 2483 39.
520 2417 577 2482 Sed
599 2417 673 2480 hacc
696 2415 805 2501 exequi
827 2417 953 2480 mittam.

245 2591 455 2606 *²⁸⁶*-

314 2711 359 2778 od)
377 2712 457 2764 oran.
477 2711 619 2764 Muellerus
637 2713 669 2762 ad
686 2711 779 2762 Aesclr.
799 2711 874 2763 Eum.
900 2729 925 2778 p.
947 2713 1005 2766 134.
1034 2719 1064 2762 ut
1081 2711 1264 2762 lustrationum
1282 2726 1356 2762 cere·
1465 2695 1466 2702 λ

245 2797 360 2858 munias,
386 2797 442 2848 sine
461 2798 554 2864 quibus
572 2797 736 2863 antiquitatis
760 2798 941 2864 interpretatio
964 2799 1075 2867 mystica
1092 2797 1233 2848 consistere
1252 2798 1354 2862 nequit,
1458 2859 1463 2867 ·

244 2882 352 2934 Homero
370 2883 523 2949 impertiret,
543 2899 575 2934 ex
592 2883 679 2934 verbis
699 2883 782 2935 Schol.
803 2881 872 2934 Viot.
894 2883 926 2934 ed
945 2883 973 2936 11.
994 2882 1092 2935 XXlV.
1112 2884 1171 2935 480.
1192 2878 1240 2935 τόν
1258 2879 1287 2935 δὲ
1304 2902 1356 2934 κα·
1461 2913 1463 2918 -

243 2971 385 3036 adalperto
401 2976 446 3022 καὶ
463 2965 575 3038 α’γνίτην
593 2966 713 3031 ἐκάλουν,
730 2978 909 3035 argumentum
927 2973 999 3022 ducit
1017 2971 1151 3020 Homerum
1170 2985 1229 3028 non,
1249 2973 1278 3018 ut
1293 2969 1356 3018 vul-

245 3062 332 3119 gatum
350 3061 404 3116 est,
434 3050 531 3124 α’νόρόκ
548 3054 574 3107 ἐκ
592 3048 704 3124 abactae
720 3057 854 3123 scripsisse
873 3059 918 3108 sed
935 3082 970 3095 -
987 3053 1108 3125 oipmleem.
1141 3052 1238 3106 Verum
1255 3069 1288 3104 ex
1306 3054 1356 3104 hoc
1461 3065 1465 3079 ³

243 3142 342 3192 novitio
360 3141 455 3192 scholio
479 3140 544 3190 nibil
561 3141 737 3204 cognoscitur,
766 3143 815 3197 nisi
834 3145 899 3209 quod
917 3145 963 3194 vix
980 3143 1107 3193 mentione
1126 3141 1245 3204 dignum,
1270 3139 1354 3192 inter·
1463 3189 1464 3196 ,

244 3236 345 3297 protum
362 3229 474 3294 aliquem
493 3227 775 3290 errorevulgatissimo
800 3231 949 3295 posterioris
973 3229 1066 3279 aetatis
1085 3227 1234 3277 institutum
1252 3226 1284 3276 ad
1302 3225 1354 3275 Ho-

163 3363 166 3368 .
243 3331 342 3368 merum
360 3314 531 3364 tuenstulisse
549 3320 627 3378 atque
646 3313 685 3362 illi
703 3308 782 3382 α’νὸρὶ
800 3312 913 3386 ἀφνειῷ,
931 3315 1050 3380 adquam
1069 3312 1195 3364 homicida
1213 3311 1354 3375 confugere
1463 3318 1464 3327 ¹

243 3403 356 3462 dicitur,
381 3395 526 3466 καθαρτοῦ
542 3406 629 3465 partes
647 3398 814 3464 imposuisse3
839 3417 888 3468 quc
906 3400 974 3450 facto
992 3401 1042 3451 iste
1060 3415 1129 3449 more
1148 3397 1354 3448 Scholiastarum

243 3487 374 3540 tralaticio
398 3485 429 3535 dc
455 3499 594 3552 synonymo
619 3484 737 3535 admonet
760 3483 857 3540 τοῦτον
880 3483 909 3540 dd
934 3493 979 3538 καὶ
1003 3480 1115 3553 οἶγνίτην
1137 3482 1192 3549 (vel
1209 3478 1354 3551 α’γνιστὴν)

241 3571 367 3627 ἐκάλουν.
403 3569 554 3634 Hrqjusuuodi
580 3576 666 3620 autem
685 3571 864 3623 adnotamenta
882 3571 993 3622 scholica
1011 3570 1033 3620 si
1051 3567 1109 3636 quis
1128 3568 1234 3618 totidem
1252 3568 1354 3618 veteris

242 3667 270 3714 et
287 3673 422 3724 germanae
441 3655 585 3721 scripturae
604 3655 700 3707 iudicia
716 3673 773 3710 esse
791 3664 882 3724 putat,
910 3657 999 3708 rudem
1026 3671 1054 3706 se
1072 3657 1274 3706 barumrermn
1292 3671 1353 3706 esse
1465 3713 1466 3720 p

243 3745 363 3796 ostendit.
401 3741 429 3793 Si
454 3741 610 3791 Scholiastes
636 3743 769 3810 antiquior
792 3745 838 3793 boc
862 3743 1016 3808 prodidisset
1040 3741 1126 3794 verbis
1151 3741 1210 3792 eliis
1228 3737 1280 3794 cdo
1296 3761 1353 3793 κα·
1439 3755 1442 3759 ·
1465 3799 1466 3822 p

241 3832 380 3896 θοίροντα
397 3823 520 3881 ἐνταῦθα
536 3822 648 3895 οἴγνίτην
665 3825 754 3888 καλεῖ,
772 3829 798 3878 id
816 3829 906 3879 saltem
924 3829 1042 3879 diversae
1060 3828 1127 3879 foret
1145 3827 1267 3877 indicium
1286 3828 1352 3876 seri-

242 3923 343 3984 pturoe,
363 3914 481 3964 sedeam
499 3919 584 3964 tamen
602 3913 734 3966 refelleret
751 3915 852 3966 Homeri
870 3915 1035 3976 consuetudo,
1057 3929 1122 3981 quae
1141 3912 1305 3964 substantive
1322 3913 1350 3962 in

240 3985 299 4069 Ji'q‘c
316 4000 348 4050 ab
366 3999 502 4067 adiectivia
520 4000 598 4050 ducta
617 4017 666 4051 non
684 4000 766 4065 magis
790 4000 856 4060 lert,
883 4015 957 4067 quam
975 3999 1120 4064 hujusmodi
1138 3999 1263 4049 vocabula
1280 4001 1353 4067 θρέ-

240 4105 353 4155 ντκρια,Ι
375 4080 511 4153 εὑρέτριαν,
541 4076 703 4154 recordetur,
731 4075 917 4156 ποννοχαρῆκ,
946 4080 1091 4154 νῖληθινὸκ,
1121 4075 1271 4152 χλευασμὸς
1295 4090 1347 4134 etc.

192 4173 196 4182 '
239 4169 295 4226 Non
313 4172 404 4236 loquor
421 4170 452 4222 dc
470 4171 579 4236 singulis
597 4172 745 4232 vocabulis,
770 4172 815 4224 sod
832 4173 864 4223 de
881 4171 1062 4223 vocabulorum
1080 4171 1226 4236 generibus.
