<?xml version="1.0" encoding="UTF-8"?>
<!DOCTYPE html PUBLIC "-//W3C//DTD XHTML 1.0 Transitional//EN"
    "http://www.w3.org/TR/xhtml1/DTD/xhtml1-transitional.dtd">
<html xmlns="http://www.w3.org/1999/xhtml" xml:lang="en" lang="en">
 <head>
  <title>
</title>
<meta http-equiv="Content-Type" content="text/html;charset=utf-8" />
  <meta name='ocr-system' content='tesseract 3.04.00' />
  <meta name='ocr-capabilities' content='ocr_page ocr_carea ocr_par ocr_line ocrx_word'/>
</head>
<body>
  <div class='ocr_page' id='page_1' title='image "./paralipomenagra00dindgoog_0321.png"; bbox 0 0 2914 4882; ppageno 0'>
   <div class='ocr_carea' id='block_1_1' title="bbox 230 268 979 350">
    <p class='ocr_par' dir='ltr' id='par_1_1' title="bbox 230 268 979 350">
     <span class='ocr_line' id='line_1_1' title="bbox 230 268 979 350; baseline -0.016 0"><span class='ocrx_word' id='word_1_1' title='bbox 230 279 303 350; x_wconf 76' lang='grc'>501</span> <span class='ocrx_word' id='word_1_2' title='bbox 573 268 891 342; x_wconf 79' lang='lat' dir='ltr'>ot&#39;ssttttrtrto</span> <span class='ocrx_word' id='word_1_3' title='bbox 919 271 979 341; x_wconf 90' lang='lat' dir='ltr'>tv.</span> 
     </span>
    </p>
   </div>
   <div class='ocr_carea' id='block_1_2' title="bbox 191 451 1341 1972">
    <p class='ocr_par' dir='ltr' id='par_1_2' title="bbox 191 451 1341 1972">
     <span class='ocr_line' id='line_1_2' title="bbox 231 451 1333 542; baseline -0.007 -12"><span class='ocrx_word' id='word_1_4' title='bbox 231 460 387 530; x_wconf 75' lang='lat' dir='ltr'>induisse</span> <span class='ocrx_word' id='word_1_5' title='bbox 413 451 545 534; x_wconf 88' lang='lat' dir='ltr'>videtur,</span> <span class='ocrx_word' id='word_1_6' title='bbox 574 467 705 540; x_wconf 86' lang='lat' dir='ltr'>utquae</span> <span class='ocrx_word' id='word_1_7' title='bbox 726 454 939 540; x_wconf 76' lang='lat' dir='ltr'>adjectivorum</span> <span class='ocrx_word' id='word_1_8' title='bbox 961 452 1187 520; x_wconf 89' lang='lat' dir='ltr'>similitudinem</span> <span class='ocrx_word' id='word_1_9' title='bbox 1208 465 1333 542; x_wconf 67' lang='lat' dir='ltr'>gerunt,</span> 
     </span>
     <span class='ocr_line' id='line_1_3' title="bbox 231 556 1335 644; baseline -0.011 -10"><span class='ocrx_word' id='word_1_10' title='bbox 231 589 267 634; x_wconf 91' lang='lat' dir='ltr'>re</span> <span class='ocrx_word' id='word_1_11' title='bbox 287 585 362 630; x_wconf 91' lang='lat' dir='ltr'>vera</span> <span class='ocrx_word' id='word_1_12' title='bbox 382 563 418 625; x_wconf 91' lang='lat' dir='ltr'>ab</span> <span class='ocrx_word' id='word_1_13' title='bbox 439 557 500 624; x_wconf 90' lang='lat' dir='ltr'>illis</span> <span class='ocrx_word' id='word_1_14' title='bbox 521 559 759 644; x_wconf 79' lang='lat' dir='ltr'><strong>possessivorum</strong></span> <span class='ocrx_word' id='word_1_15' title='bbox 780 557 866 622; x_wconf 92' lang='lat' dir='ltr'>modo</span> <span class='ocrx_word' id='word_1_16' title='bbox 897 557 1031 622; x_wconf 84' lang='lat' dir='ltr'>derivata</span> <span class='ocrx_word' id='word_1_17' title='bbox 1058 556 1185 623; x_wconf 90' lang='lat' dir='ltr'>vellent.</span> <span class='ocrx_word' id='word_1_18' title='bbox 1228 558 1335 643; x_wconf 80' lang='lat' dir='ltr'><strong>Neque</strong></span> 
     </span>
     <span class='ocr_line' id='line_1_4' title="bbox 232 659 1336 746; baseline -0.01 -12"><span class='ocrx_word' id='word_1_19' title='bbox 232 670 322 734; x_wconf 91' lang='lat' dir='ltr'>aliter</span> <span class='ocrx_word' id='word_1_20' title='bbox 341 663 440 728; x_wconf 75' lang='lat' dir='ltr'>sendo</span> <span class='ocrx_word' id='word_1_21' title='bbox 462 663 498 725; x_wconf 90' lang='lat' dir='ltr'>dc</span> <span class='ocrx_word' id='word_1_22' title='bbox 519 661 686 724; x_wconf 88' lang='lat' dir='ltr'>nominibus</span> <span class='ocrx_word' id='word_1_23' title='bbox 708 659 879 744; x_wconf 84' lang='lat' dir='ltr'>oppidorum</span> <span class='ocrx_word' id='word_1_24' title='bbox 890 660 1049 738; x_wconf 77' lang='lat' dir='ltr'>Autronio,</span> <span class='ocrx_word' id='word_1_25' title='bbox 1073 659 1251 737; x_wconf 77' lang='lat' dir='ltr'>Brauronia,</span> <span class='ocrx_word' id='word_1_26' title='bbox 1274 660 1336 746; x_wconf 87' lang='lat' dir='ltr'>Cy-</span> 
     </span>
     <span class='ocr_line' id='line_1_5' title="bbox 233 761 1334 848; baseline -0.006 -15"><span class='ocrx_word' id='word_1_27' title='bbox 233 769 334 842; x_wconf 88' lang='lat' dir='ltr'>donia,</span> <span class='ocrx_word' id='word_1_28' title='bbox 358 785 393 829; x_wconf 87' lang='lat' dir='ltr'>ea</span> <span class='ocrx_word' id='word_1_29' title='bbox 414 785 475 828; x_wconf 92' lang='lat' dir='ltr'>non</span> <span class='ocrx_word' id='word_1_30' title='bbox 495 765 594 826; x_wconf 88' lang='lat' dir='ltr'>minus</span> <span class='ocrx_word' id='word_1_31' title='bbox 616 761 763 847; x_wconf 86' lang='lat' dir='ltr'>adjectiva</span> <span class='ocrx_word' id='word_1_32' title='bbox 783 779 851 825; x_wconf 88' lang='lat' dir='ltr'>esse</span> <span class='ocrx_word' id='word_1_33' title='bbox 872 782 959 844; x_wconf 90' lang='lat' dir='ltr'>qnam</span> <span class='ocrx_word' id='word_1_34' title='bbox 981 763 1051 826; x_wconf 88' lang='lat' dir='ltr'>nrds</span> <span class='ocrx_word' id='word_1_35' title='bbox 1067 761 1258 848; x_wconf 80' lang='lat' dir='ltr'>Syracusana</span> <span class='ocrx_word' id='word_1_36' title='bbox 1273 773 1334 826; x_wconf 88' lang='lat' dir='ltr'>etc.</span> 
     </span>
     <span class='ocr_line' id='line_1_6' title="bbox 232 863 1334 950; baseline -0.009 -13"><span class='ocrx_word' id='word_1_37' title='bbox 232 871 448 950; x_wconf 46' lang='lat' dir='ltr'>‘fortuitumque</span> <span class='ocrx_word' id='word_1_38' title='bbox 470 885 553 941; x_wconf 93' lang='lat' dir='ltr'>reor,</span> <span class='ocrx_word' id='word_1_39' title='bbox 584 865 660 948; x_wconf 91' lang='lat' dir='ltr'>quod</span> <span class='ocrx_word' id='word_1_40' title='bbox 686 863 791 928; x_wconf 88' lang='lat' dir='ltr'>horum</span> <span class='ocrx_word' id='word_1_41' title='bbox 819 865 916 927; x_wconf 82' lang='lat' dir='ltr'>forma</span> <span class='ocrx_word' id='word_1_42' title='bbox 943 865 1113 950; x_wconf 90' lang='lat' dir='ltr'>principalis</span> <span class='ocrx_word' id='word_1_43' title='bbox 1136 865 1334 940; x_wconf 88' lang='lat' dir='ltr'>inveteravit,</span> 
     </span>
     <span class='ocr_line' id='line_1_7' title="bbox 234 967 1336 1060; baseline -0.006 -23"><span class='ocrx_word' id='word_1_44' title='bbox 234 993 310 1060; x_wconf 88' lang='lat' dir='ltr'>qnae</span> <span class='ocrx_word' id='word_1_45' title='bbox 324 971 359 1036; x_wconf 69' lang='lat' dir='ltr'>&#39;si</span> <span class='ocrx_word' id='word_1_46' title='bbox 380 969 451 1033; x_wconf 89' lang='lat' dir='ltr'>olim</span> <span class='ocrx_word' id='word_1_47' title='bbox 476 967 585 1031; x_wconf 87' lang='lat' dir='ltr'>abolita</span> <span class='ocrx_word' id='word_1_48' title='bbox 607 977 706 1042; x_wconf 91' lang='lat' dir='ltr'>esset,</span> <span class='ocrx_word' id='word_1_49' title='bbox 735 987 772 1030; x_wconf 87' lang='lat' dir='ltr'>eo</span> <span class='ocrx_word' id='word_1_50' title='bbox 792 984 867 1049; x_wconf 87' lang='lat' dir='ltr'>quae</span> <span class='ocrx_word' id='word_1_51' title='bbox 893 987 973 1030; x_wconf 90' lang='lat' dir='ltr'>nnnc</span> <span class='ocrx_word' id='word_1_52' title='bbox 994 967 1170 1032; x_wconf 78' lang='lat' dir='ltr'>derivativis</span> <span class='ocrx_word' id='word_1_53' title='bbox 1191 968 1336 1030; x_wconf 86' lang='lat' dir='ltr'>adnume-</span> 
     </span>
     <span class='ocr_line' id='line_1_8' title="bbox 232 1068 1338 1163; baseline -0.009 -21"><span class='ocrx_word' id='word_1_54' title='bbox 232 1088 352 1149; x_wconf 78' lang='lat' dir='ltr'>rantur,</span> <span class='ocrx_word' id='word_1_55' title='bbox 373 1070 592 1163; x_wconf 89' lang='lat' dir='ltr'>primitivorum</span> <span class='ocrx_word' id='word_1_56' title='bbox 613 1089 723 1132; x_wconf 90' lang='lat' dir='ltr'>nomen</span> <span class='ocrx_word' id='word_1_57' title='bbox 744 1068 900 1153; x_wconf 88' lang='lat' dir='ltr'>locumque</span> <span class='ocrx_word' id='word_1_58' title='bbox 924 1080 1114 1154; x_wconf 78' lang='lat' dir='ltr'>usurparent.</span> <span class='ocrx_word' id='word_1_59' title='bbox 1161 1069 1226 1149; x_wconf 82' lang='lat' dir='ltr'>Qua</span> <span class='ocrx_word' id='word_1_60' title='bbox 1246 1070 1280 1132; x_wconf 92' lang='lat' dir='ltr'>in</span> <span class='ocrx_word' id='word_1_61' title='bbox 1301 1089 1338 1132; x_wconf 92' lang='lat' dir='ltr'>re</span> 
     </span>
     <span class='ocr_line' id='line_1_9' title="bbox 234 1165 1339 1256; baseline -0.009 -12"><span class='ocrx_word' id='word_1_62' title='bbox 234 1177 396 1244; x_wconf 89' lang='lat' dir='ltr'>memoriae</span> <span class='ocrx_word' id='word_1_63' title='bbox 417 1172 549 1236; x_wconf 90' lang='lat' dir='ltr'>occurrit</span> <span class='ocrx_word' id='word_1_64' title='bbox 571 1171 608 1236; x_wconf 90' lang='lat' dir='ltr'>G.</span> <span class='ocrx_word' id='word_1_65' title='bbox 628 1170 730 1236; x_wconf 81' lang='lat' dir='ltr'>vossii</span> <span class='ocrx_word' id='word_1_66' title='bbox 751 1165 849 1256; x_wconf 87' lang='lat' dir='ltr'>opinio</span> <span class='ocrx_word' id='word_1_67' title='bbox 871 1172 1037 1236; x_wconf 87' lang='lat' dir='ltr'>Aristaroh.</span> <span class='ocrx_word' id='word_1_68' title='bbox 1063 1170 1115 1234; x_wconf 93' lang='lat' dir='ltr'>lll.</span> <span class='ocrx_word' id='word_1_69' title='bbox 1139 1169 1193 1236; x_wconf 88' lang='grc'>38.</span> <span class='ocrx_word' id='word_1_70' title='bbox 1215 1171 1339 1256; x_wconf 68' lang='lat' dir='ltr'>Ptttp·</span> 
     </span>
     <span class='ocr_line' id='line_1_10' title="bbox 229 1273 1340 1367; baseline -0.005 -24"><span class='ocrx_word' id='word_1_71' title='bbox 229 1282 280 1367; x_wconf 81' lang='lat' dir='ltr'>pi,</span> <span class='ocrx_word' id='word_1_72' title='bbox 313 1277 428 1353; x_wconf 79' lang='lat' dir='ltr'>Gobdi,</span> <span class='ocrx_word' id='word_1_73' title='bbox 458 1275 529 1338; x_wconf 90' lang='lat' dir='ltr'>olim</span> <span class='ocrx_word' id='word_1_74' title='bbox 550 1273 716 1337; x_wconf 87' lang='lat' dir='ltr'>incolarum</span> <span class='ocrx_word' id='word_1_75' title='bbox 744 1275 838 1338; x_wconf 85' lang='lat' dir='ltr'>fuisse</span> <span class='ocrx_word' id='word_1_76' title='bbox 859 1273 1021 1356; x_wconf 85' lang='lat' dir='ltr'>voeabula,</span> <span class='ocrx_word' id='word_1_77' title='bbox 1051 1274 1155 1358; x_wconf 89' lang='lat' dir='ltr'>hisque</span> <span class='ocrx_word' id='word_1_78' title='bbox 1177 1279 1340 1338; x_wconf 58' lang='lat' dir='ltr'>consentai</span> 
     </span>
     <span class='ocr_line' id='line_1_11' title="bbox 191 1371 1340 1466; baseline -0.004 -19"><span class='ocrx_word' id='word_1_79' title='bbox 191 1451 193 1457; x_wconf 70' lang='grc'><strong><em>,</em></strong></span> <span class='ocrx_word' id='word_1_80' title='bbox 234 1403 294 1447; x_wconf 90' lang='lat' dir='ltr'>nea</span> <span class='ocrx_word' id='word_1_81' title='bbox 319 1399 427 1466; x_wconf 83' lang='lat' dir='ltr'>graeca</span> <span class='ocrx_word' id='word_1_82' title='bbox 454 1373 651 1464; x_wconf 80' lang='grc' dir='ltr'><strong><em>Βραγχίδαι,</em></strong></span> <span class='ocrx_word' id='word_1_83' title='bbox 684 1371 855 1455; x_wconf 74' lang='grc' dir='ltr'><em>Οἰνιάδαι,</em></span> <span class='ocrx_word' id='word_1_84' title='bbox 882 1373 1122 1464; x_wconf 76' lang='grc' dir='ltr'><strong><em>Πασαργάδαι,</em></strong></span> <span class='ocrx_word' id='word_1_85' title='bbox 1143 1375 1340 1458; x_wconf 72' lang='grc' dir='ltr'><strong><em>Λεοντῖνοι,</em></strong></span> 
     </span>
     <span class='ocr_line' id='line_1_12' title="bbox 236 1471 1341 1564; baseline -0.007 -16"><span class='ocrx_word' id='word_1_86' title='bbox 236 1480 390 1563; x_wconf 78' lang='grc' dir='ltr'><strong><em>Λίνδιοι,</em></strong></span> <span class='ocrx_word' id='word_1_87' title='bbox 420 1475 580 1563; x_wconf 78' lang='grc' dir='ltr'><strong><em>Θούριοι,</em></strong></span> <span class='ocrx_word' id='word_1_88' title='bbox 612 1471 820 1564; x_wconf 81' lang='grc' dir='ltr'><strong><em>Πολλήσιοι,</em></strong></span> <span class='ocrx_word' id='word_1_89' title='bbox 844 1472 990 1562; x_wconf 57' lang='grc' dir='ltr'><strong><em>Ῥάπεςζ,</em></strong></span> <span class='ocrx_word' id='word_1_90' title='bbox 1021 1471 1229 1564; x_wconf 84' lang='grc' dir='ltr'><strong><em>Κεντόριπες</em></strong></span> <span class='ocrx_word' id='word_1_91' title='bbox 1259 1478 1341 1541; x_wconf 88' lang='lat' dir='ltr'>Cen-</span> 
     </span>
     <span class='ocr_line' id='line_1_13' title="bbox 235 1575 1341 1670; baseline -0.006 -20"><span class='ocrx_word' id='word_1_92' title='bbox 235 1586 372 1670; x_wconf 87' lang='lat' dir='ltr'>turipae,</span> <span class='ocrx_word' id='word_1_93' title='bbox 410 1581 548 1668; x_wconf 78' lang='grc' dir='ltr'><strong><em>Γέργις,</em></strong></span> <span class='ocrx_word' id='word_1_94' title='bbox 578 1575 725 1660; x_wconf 87' lang='grc' dir='ltr'><strong><em>Κάδων,</em></strong></span> <span class='ocrx_word' id='word_1_95' title='bbox 760 1576 932 1668; x_wconf 76' lang='grc' dir='ltr'><strong><em>Κρήσιον</em></strong></span> <span class='ocrx_word' id='word_1_96' title='bbox 956 1579 1066 1664; x_wconf 78' lang='lat' dir='ltr'>&#39;ete.⁶)</span> <span class='ocrx_word' id='word_1_97' title='bbox 1094 1601 1176 1665; x_wconf 86' lang='lat' dir='ltr'>qnae</span> <span class='ocrx_word' id='word_1_98' title='bbox 1217 1580 1341 1644; x_wconf 90' lang='lat' dir='ltr'>nomina</span> 
     </span>
     <span class='ocr_line' id='line_1_14' title="bbox 207 1682 1341 1767; baseline -0.008 -12"><span class='ocrx_word' id='word_1_99' title='bbox 207 1700 310 1767; x_wconf 45' lang='lat' dir='ltr'>,sunt</span> <span class='ocrx_word' id='word_1_100' title='bbox 327 1685 445 1749; x_wconf 90' lang='lat' dir='ltr'>urbium</span> <span class='ocrx_word' id='word_1_101' title='bbox 467 1695 498 1746; x_wconf 90' lang='lat' dir='ltr'>et</span> <span class='ocrx_word' id='word_1_102' title='bbox 524 1682 690 1746; x_wconf 87' lang='lat' dir='ltr'>incolarum</span> <span class='ocrx_word' id='word_1_103' title='bbox 715 1682 898 1762; x_wconf 84' lang='lat' dir='ltr'>commuuio,</span> <span class='ocrx_word' id='word_1_104' title='bbox 928 1683 1016 1766; x_wconf 91' lang='lat' dir='ltr'>idque</span> <span class='ocrx_word' id='word_1_105' title='bbox 1038 1682 1133 1767; x_wconf 89' lang='lat' dir='ltr'>ipsum</span> <span class='ocrx_word' id='word_1_106' title='bbox 1154 1683 1283 1747; x_wconf 81' lang='lat' dir='ltr'>fortasse</span> <span class='ocrx_word' id='word_1_107' title='bbox 1306 1682 1341 1746; x_wconf 89' lang='lat' dir='ltr'>in</span> 
     </span>
     <span class='ocr_line' id='line_1_15' title="bbox 236 1781 1339 1872; baseline -0.005 -15"><span class='ocrx_word' id='word_1_108' title='bbox 236 1806 328 1857; x_wconf 88' lang='lat' dir='ltr'>eausa</span> <span class='ocrx_word' id='word_1_109' title='bbox 351 1788 426 1863; x_wconf 85' lang='lat' dir='ltr'>init,</span> <span class='ocrx_word' id='word_1_110' title='bbox 462 1805 517 1848; x_wconf 89' lang='lat' dir='ltr'>eur</span> <span class='ocrx_word' id='word_1_111' title='bbox 553 1785 644 1869; x_wconf 87' lang='lat' dir='ltr'>aliqui</span> <span class='ocrx_word' id='word_1_112' title='bbox 664 1783 850 1872; x_wconf 88' lang='grc' dir='ltr'><strong><em>Γεργίδιοι,</em></strong></span> <span class='ocrx_word' id='word_1_113' title='bbox 875 1781 1058 1866; x_wconf 82' lang='grc' dir='ltr'><strong><em>Ῥαπαῖοι,</em></strong></span> <span class='ocrx_word' id='word_1_114' title='bbox 1084 1787 1339 1871; x_wconf 79' lang='grc' dir='ltr'><strong><em>Κρηστωναῑοι,</em></strong></span> 
     </span>
     <span class='ocr_line' id='line_1_16' title="bbox 238 1887 1341 1972; baseline -0.006 -13"><span class='ocrx_word' id='word_1_115' title='bbox 238 1894 373 1960; x_wconf 90' lang='lat' dir='ltr'>dicerent</span> <span class='ocrx_word' id='word_1_116' title='bbox 409 1889 445 1952; x_wconf 91' lang='lat' dir='ltr'>ob</span> <span class='ocrx_word' id='word_1_117' title='bbox 481 1888 595 1951; x_wconf 87' lang='lat' dir='ltr'>formae</span> <span class='ocrx_word' id='word_1_118' title='bbox 628 1887 795 1971; x_wconf 86' lang='lat' dir='ltr'>primitivae</span> <span class='ocrx_word' id='word_1_119' title='bbox 830 1887 1016 1952; x_wconf 89' lang='lat' dir='ltr'>intellectum</span> <span class='ocrx_word' id='word_1_120' title='bbox 1055 1887 1234 1972; x_wconf 81' lang='lat' dir='ltr'>ambiguum.</span> <span class='ocrx_word' id='word_1_121' title='bbox 1280 1887 1341 1952; x_wconf 90' lang='lat' dir='ltr'>Sed</span> 
     </span>
    </p>
   </div>
   <div class='ocr_carea' id='block_1_3' title="bbox 237 1981 1452 2073">
    <p class='ocr_par' dir='ltr' id='par_1_3' title="bbox 237 1981 1452 2073">
     <span class='ocr_line' id='line_1_17' title="bbox 237 1981 1452 2073; baseline -0.003 -13"><span class='ocrx_word' id='word_1_122' title='bbox 237 1997 274 2060; x_wconf 90' lang='lat' dir='ltr'>de</span> <span class='ocrx_word' id='word_1_123' title='bbox 298 1993 344 2057; x_wconf 89' lang='lat' dir='ltr'>his</span> <span class='ocrx_word' id='word_1_124' title='bbox 372 1999 484 2055; x_wconf 87' lang='lat' dir='ltr'>statuat</span> <span class='ocrx_word' id='word_1_125' title='bbox 511 1991 588 2073; x_wconf 89' lang='lat' dir='ltr'>quod</span> <span class='ocrx_word' id='word_1_126' title='bbox 619 1989 743 2072; x_wconf 91' lang='lat' dir='ltr'>quisque</span> <span class='ocrx_word' id='word_1_127' title='bbox 780 1990 931 2067; x_wconf 85' lang='lat' dir='ltr'>voluerit;</span> <span class='ocrx_word' id='word_1_128' title='bbox 961 2000 1033 2054; x_wconf 88' lang='lat' dir='ltr'>sunt</span> <span class='ocrx_word' id='word_1_129' title='bbox 1066 1989 1146 2054; x_wconf 89' lang='lat' dir='ltr'>enirn</span> <span class='ocrx_word' id='word_1_130' title='bbox 1173 2011 1249 2073; x_wconf 88' lang='lat' dir='ltr'>quae</span> <span class='ocrx_word' id='word_1_131' title='bbox 1265 1981 1341 2055; x_wconf 73' lang='lat' dir='ltr'>&#39;om-</span> <span class='ocrx_word' id='word_1_132' title='bbox 1451 2037 1452 2056; x_wconf 52' lang='grc' dir='ltr'><strong><em>ι</em></strong></span> 
     </span>
    </p>
   </div>
   <div class='ocr_carea' id='block_1_4' title="bbox 229 2081 1355 3206">
    <p class='ocr_par' dir='ltr' id='par_1_4' title="bbox 229 2081 1355 3206">
     <span class='ocr_line' id='line_1_18' title="bbox 237 2081 1343 2178; baseline -0.002 -15"><span class='ocrx_word' id='word_1_133' title='bbox 237 2113 307 2162; x_wconf 92' lang='lat' dir='ltr'>netn</span> <span class='ocrx_word' id='word_1_134' title='bbox 329 2093 549 2160; x_wconf 80' lang='lat' dir='ltr'>annotationem</span> <span class='ocrx_word' id='word_1_135' title='bbox 570 2091 752 2176; x_wconf 77' lang='lat' dir='ltr'>praecidant.</span> <span class='ocrx_word' id='word_1_136' title='bbox 798 2081 965 2178; x_wconf 81' lang='lat' dir='ltr'>Stephanos</span> <span class='ocrx_word' id='word_1_137' title='bbox 986 2090 1171 2173; x_wconf 83' lang='grc' dir='ltr'><strong><em>Κνδανία,</em></strong></span> <span class='ocrx_word' id='word_1_138' title='bbox 1199 2090 1343 2170; x_wconf 62' lang='lat' dir='ltr'>deoti-</span> 
     </span>
     <span class='ocr_line' id='line_1_19' title="bbox 237 2185 1355 2286; baseline 0 -24"><span class='ocrx_word' id='word_1_139' title='bbox 237 2223 298 2286; x_wconf 77' lang='grc' dir='ltr'>της</span> <span class='ocrx_word' id='word_1_140' title='bbox 325 2189 566 2281; x_wconf 83' lang='grc' dir='ltr'><strong><em>Κυδωνιάτης,</em></strong></span> <span class='ocrx_word' id='word_1_141' title='bbox 595 2185 725 2261; x_wconf 86' lang='grc' dir='ltr'><strong><em>Κάδοιν</em></strong></span> <span class='ocrx_word' id='word_1_142' title='bbox 751 2193 808 2260; x_wconf 78' lang='grc' dir='ltr'>ναὶ</span> <span class='ocrx_word' id='word_1_143' title='bbox 829 2191 1077 2268; x_wconf 87' lang='grc' dir='ltr'><strong><em>Κνδοινιιιὸς</em></strong></span> <span class='ocrx_word' id='word_1_144' title='bbox 1105 2189 1228 2282; x_wconf 78' lang='grc' dir='ltr'><strong><em>άνάρ,</em></strong></span> <span class='ocrx_word' id='word_1_145' title='bbox 1259 2199 1355 2281; x_wconf 84' lang='lat' dir='ltr'>quod¹</span> 
     </span>
     <span class='ocr_line' id='line_1_20' title="bbox 237 2291 1344 2386; baseline 0.002 -22"><span class='ocrx_word' id='word_1_146' title='bbox 237 2302 330 2386; x_wconf 86' lang='lat' dir='ltr'>vulgo</span> <span class='ocrx_word' id='word_1_147' title='bbox 365 2299 476 2384; x_wconf 83' lang='lat' dir='ltr'>legitur</span> <span class='ocrx_word' id='word_1_148' title='bbox 501 2298 630 2360; x_wconf 86' lang='lat' dir='ltr'>Theocr.</span> <span class='ocrx_word' id='word_1_149' title='bbox 660 2293 726 2359; x_wconf 91' lang='lat' dir='ltr'>Vll.</span> <span class='ocrx_word' id='word_1_150' title='bbox 756 2295 809 2361; x_wconf 83' lang='lat'>12.</span> <span class='ocrx_word' id='word_1_151' title='bbox 845 2298 1042 2381; x_wconf 87' lang='lat' dir='ltr'>similiterque</span> <span class='ocrx_word' id='word_1_152' title='bbox 1076 2291 1162 2385; x_wconf 80' lang='grc' dir='ltr'><strong><em>άνήρ</em></strong></span> <span class='ocrx_word' id='word_1_153' title='bbox 1190 2293 1344 2376; x_wconf 77' lang='grc' dir='ltr'><strong><em>Ἰωνικός</em></strong></span> 
     </span>
     <span class='ocr_line' id='line_1_21' title="bbox 238 2396 1341 2489; baseline -0.001 -20"><span class='ocrx_word' id='word_1_154' title='bbox 238 2405 332 2470; x_wconf 87' lang='lat' dir='ltr'>Arist.</span> <span class='ocrx_word' id='word_1_155' title='bbox 357 2402 426 2466; x_wconf 91' lang='lat' dir='ltr'>Pac.</span> <span class='ocrx_word' id='word_1_156' title='bbox 452 2399 507 2464; x_wconf 86' lang='grc'>47.</span> <span class='ocrx_word' id='word_1_157' title='bbox 532 2412 563 2465; x_wconf 88' lang='lat' dir='ltr'>et</span> <span class='ocrx_word' id='word_1_158' title='bbox 586 2399 695 2462; x_wconf 92' lang='lat' dir='ltr'>omisso</span> <span class='ocrx_word' id='word_1_159' title='bbox 719 2399 840 2463; x_wconf 91' lang='lat' dir='ltr'>nomine</span> <span class='ocrx_word' id='word_1_160' title='bbox 860 2396 1052 2489; x_wconf 79' lang='grc' dir='ltr'><strong><em>Ἀχαρνικοί</em></strong></span> <span class='ocrx_word' id='word_1_161' title='bbox 1063 2401 1157 2465; x_wconf 84' lang='lat' dir='ltr'>Arist.</span> <span class='ocrx_word' id='word_1_162' title='bbox 1171 2402 1247 2466; x_wconf 87' lang='lat' dir='ltr'>Ach.</span> <span class='ocrx_word' id='word_1_163' title='bbox 1263 2401 1341 2468; x_wconf 78' lang='lat'>324.</span> 
     </span>
     <span class='ocr_line' id='line_1_22' title="bbox 238 2499 1343 2589; baseline -0.005 -15"><span class='ocrx_word' id='word_1_164' title='bbox 238 2501 434 2578; x_wconf 81' lang='grc' dir='ltr'><strong><em>Λακωνικοί</em></strong></span> <span class='ocrx_word' id='word_1_165' title='bbox 453 2525 486 2573; x_wconf 83' lang='lat' dir='ltr'>v.</span> <span class='ocrx_word' id='word_1_166' title='bbox 509 2502 672 2566; x_wconf 83' lang='lat' dir='ltr'>Hermann.</span> <span class='ocrx_word' id='word_1_167' title='bbox 696 2502 733 2564; x_wconf 89' lang='lat' dir='ltr'>ad</span> <span class='ocrx_word' id='word_1_168' title='bbox 755 2499 852 2566; x_wconf 88' lang='lat' dir='ltr'>Nnbb.</span> <span class='ocrx_word' id='word_1_169' title='bbox 873 2500 947 2566; x_wconf 81' lang='lat'>187.</span> <span class='ocrx_word' id='word_1_170' title='bbox 972 2503 1128 2568; x_wconf 90' lang='lat' dir='ltr'>indiscreti</span> <span class='ocrx_word' id='word_1_171' title='bbox 1149 2505 1185 2568; x_wconf 87' lang='lat' dir='ltr'>ab</span> <span class='ocrx_word' id='word_1_172' title='bbox 1207 2505 1268 2569; x_wconf 93' lang='lat' dir='ltr'>illis</span> <span class='ocrx_word' id='word_1_173' title='bbox 1291 2505 1343 2589; x_wconf 90' lang='lat' dir='ltr'>qui</span> 
     </span>
     <span class='ocr_line' id='line_1_23' title="bbox 238 2600 1342 2699; baseline -0.002 -25"><span class='ocrx_word' id='word_1_174' title='bbox 238 2609 357 2697; x_wconf 91' lang='lat' dir='ltr'>proprie</span> <span class='ocrx_word' id='word_1_175' title='bbox 378 2600 540 2679; x_wconf 81' lang='grc' dir='ltr'><strong><em>Λάκωνες</em></strong></span> <span class='ocrx_word' id='word_1_176' title='bbox 563 2603 705 2688; x_wconf 88' lang='lat' dir='ltr'>appellari</span> <span class='ocrx_word' id='word_1_177' title='bbox 726 2603 826 2667; x_wconf 90' lang='lat' dir='ltr'>solent</span> <span class='ocrx_word' id='word_1_178' title='bbox 851 2625 884 2668; x_wconf 92' lang='lat' dir='ltr'>v.</span> <span class='ocrx_word' id='word_1_179' title='bbox 906 2601 1056 2690; x_wconf 81' lang='lat' dir='ltr'>lirueger.</span> <span class='ocrx_word' id='word_1_180' title='bbox 1078 2607 1115 2670; x_wconf 90' lang='lat' dir='ltr'>ad</span> <span class='ocrx_word' id='word_1_181' title='bbox 1135 2608 1218 2699; x_wconf 49' lang='lat' dir='ltr'>Xen,</span> <span class='ocrx_word' id='word_1_182' title='bbox 1241 2606 1342 2673; x_wconf 77' lang='lat' dir='ltr'>Anah.</span> 
     </span>
     <span class='ocr_line' id='line_1_24' title="bbox 239 2701 1343 2794; baseline -0.002 -20"><span class='ocrx_word' id='word_1_183' title='bbox 239 2712 279 2778; x_wconf 83' lang='lat' dir='ltr'>V.</span> <span class='ocrx_word' id='word_1_184' title='bbox 304 2711 336 2787; x_wconf 93' lang='grc'>1,</span> <span class='ocrx_word' id='word_1_185' title='bbox 360 2709 413 2773; x_wconf 90' lang='grc'>15.</span> <span class='ocrx_word' id='word_1_186' title='bbox 436 2703 621 2793; x_wconf 77' lang='grc' dir='ltr'><strong><em>Ἀριστίων</em></strong></span> <span class='ocrx_word' id='word_1_187' title='bbox 645 2701 854 2780; x_wconf 84' lang='grc' dir='ltr'><strong><em>Πλαταιινός</em></strong></span> <span class='ocrx_word' id='word_1_188' title='bbox 875 2706 1018 2771; x_wconf 83' lang='lat' dir='ltr'>Aeschin.</span> <span class='ocrx_word' id='word_1_189' title='bbox 1037 2707 1117 2773; x_wconf 81' lang='lat' dir='ltr'>Fals·</span> <span class='ocrx_word' id='word_1_190' title='bbox 1132 2709 1204 2794; x_wconf 83' lang='lat' dir='ltr'>Leg.</span> <span class='ocrx_word' id='word_1_191' title='bbox 1219 2732 1249 2794; x_wconf 86' lang='lat' dir='ltr'>p.</span> <span class='ocrx_word' id='word_1_192' title='bbox 1265 2709 1343 2776; x_wconf 84' lang='grc'><strong>549.</strong></span> 
     </span>
     <span class='ocr_line' id='line_1_25' title="bbox 240 2803 1341 2897; baseline 0 -21"><span class='ocrx_word' id='word_1_193' title='bbox 240 2814 316 2897; x_wconf 91' lang='lat' dir='ltr'>quod</span> <span class='ocrx_word' id='word_1_194' title='bbox 342 2811 398 2876; x_wconf 85' lang='lat' dir='ltr'>vix</span> <span class='ocrx_word' id='word_1_195' title='bbox 426 2811 525 2874; x_wconf 87' lang='lat' dir='ltr'>differt</span> <span class='ocrx_word' id='word_1_196' title='bbox 551 2830 571 2873; x_wconf 83' lang='lat' dir='ltr'>e</span> <span class='ocrx_word' id='word_1_197' title='bbox 600 2803 809 2888; x_wconf 76' lang='grc' dir='ltr'><strong><em>Πλαταιεύς,</em></strong></span> <span class='ocrx_word' id='word_1_198' title='bbox 837 2805 1035 2896; x_wconf 76' lang='grc' dir='ltr'><strong><em>Ἀρκαδικὸς</em></strong></span> <span class='ocrx_word' id='word_1_199' title='bbox 1060 2812 1199 2877; x_wconf 87' lang='lat' dir='ltr'>Menand.</span> <span class='ocrx_word' id='word_1_200' title='bbox 1228 2812 1341 2896; x_wconf 79' lang='lat' dir='ltr'>Troplo.</span> 
     </span>
     <span class='ocr_line' id='line_1_26' title="bbox 229 2906 1345 3001; baseline 0.004 -24"><span class='ocrx_word' id='word_1_201' title='bbox 229 2937 270 3001; x_wconf 80' lang='lat' dir='ltr'>p.</span> <span class='ocrx_word' id='word_1_202' title='bbox 302 2912 375 2979; x_wconf 87' lang='grc'><strong>166.</strong></span> <span class='ocrx_word' id='word_1_203' title='bbox 406 2911 544 2998; x_wconf 78' lang='grc' dir='ltr'><strong><em>(παῖδας</em></strong></span> <span class='ocrx_word' id='word_1_204' title='bbox 569 2906 764 2997; x_wconf 78' lang='grc' dir='ltr'><strong><em>Ἀρκαδικοί</em></strong></span> <span class='ocrx_word' id='word_1_205' title='bbox 790 2911 918 2976; x_wconf 89' lang='lat' dir='ltr'>Theocr.</span> <span class='ocrx_word' id='word_1_206' title='bbox 948 2912 1013 2976; x_wconf 89' lang='lat' dir='ltr'>Vll.</span> <span class='ocrx_word' id='word_1_207' title='bbox 1046 2911 1118 2978; x_wconf 87' lang='grc'><strong>106.</strong></span> <span class='ocrx_word' id='word_1_208' title='bbox 1156 2924 1190 2977; x_wconf 92' lang='lat' dir='ltr'>ut</span> <span class='ocrx_word' id='word_1_209' title='bbox 1215 2913 1345 2982; x_wconf 81' lang='grc' dir='ltr'><strong><em>Λνδάν</em></strong></span> 
     </span>
     <span class='ocr_line' id='line_1_27' title="bbox 238 3010 1346 3106; baseline -0.004 -21"><span class='ocrx_word' id='word_1_210' title='bbox 238 3017 358 3091; x_wconf 85' lang='grc' dir='ltr'><strong><em>παῖδες</em></strong></span> <span class='ocrx_word' id='word_1_211' title='bbox 379 3017 505 3098; x_wconf 88' lang='lat' dir='ltr'>Herod.)</span> <span class='ocrx_word' id='word_1_212' title='bbox 539 3019 575 3082; x_wconf 85' lang='grc' dir='ltr'>αἱ</span> <span class='ocrx_word' id='word_1_213' title='bbox 594 3010 788 3099; x_wconf 83' lang='grc' dir='ltr'><strong><em>Ῥωμαϊιιαί</em></strong></span> <span class='ocrx_word' id='word_1_214' title='bbox 815 3013 872 3076; x_wconf 90' lang='lat' dir='ltr'>Dio</span> <span class='ocrx_word' id='word_1_215' title='bbox 901 3013 987 3078; x_wconf 84' lang='lat' dir='ltr'>Cass.</span> <span class='ocrx_word' id='word_1_216' title='bbox 1011 3015 1151 3106; x_wconf 81' lang='lat' dir='ltr'>LXXVI.</span> <span class='ocrx_word' id='word_1_217' title='bbox 1183 3014 1235 3080; x_wconf 90' lang='grc'>16.</span> <span class='ocrx_word' id='word_1_218' title='bbox 1265 3019 1346 3102; x_wconf 88' lang='lat' dir='ltr'>apud</span> 
     </span>
     <span class='ocr_line' id='line_1_28' title="bbox 239 3115 1344 3206; baseline 0 -22"><span class='ocrx_word' id='word_1_219' title='bbox 239 3120 363 3206; x_wconf 81' lang='lat' dir='ltr'>Latinos</span> <span class='ocrx_word' id='word_1_220' title='bbox 385 3119 525 3195; x_wconf 81' lang='lat' dir='ltr'>Poenici,</span> <span class='ocrx_word' id='word_1_221' title='bbox 546 3117 573 3181; x_wconf 87' lang='lat' dir='ltr'>si</span> <span class='ocrx_word' id='word_1_222' title='bbox 593 3117 745 3201; x_wconf 82' lang='lat' dir='ltr'>vulgatam</span> <span class='ocrx_word' id='word_1_223' title='bbox 774 3115 927 3198; x_wconf 87' lang='lat' dir='ltr'>sequimur</span> <span class='ocrx_word' id='word_1_224' title='bbox 948 3117 1037 3182; x_wconf 91' lang='lat' dir='ltr'>Varr.</span> <span class='ocrx_word' id='word_1_225' title='bbox 1061 3117 1096 3182; x_wconf 91' lang='lat' dir='ltr'>L.</span> <span class='ocrx_word' id='word_1_226' title='bbox 1119 3117 1184 3180; x_wconf 90' lang='lat' dir='ltr'>Vll.</span> <span class='ocrx_word' id='word_1_227' title='bbox 1209 3116 1263 3182; x_wconf 87' lang='grc'>36.</span> <span class='ocrx_word' id='word_1_228' title='bbox 1288 3141 1344 3204; x_wconf 88' lang='lat' dir='ltr'>pro</span> 
     </span>
    </p>
   </div>
   <div class='ocr_carea' id='block_1_5' title="bbox 238 3211 1455 3722">
    <p class='ocr_par' dir='ltr' id='par_1_5' title="bbox 238 3211 1455 3722">
     <span class='ocr_line' id='line_1_29' title="bbox 240 3211 1344 3306; baseline -0.001 -19"><span class='ocrx_word' id='word_1_229' title='bbox 240 3211 346 3298; x_wconf 83' lang='lat' dir='ltr'>Poeni,</span> <span class='ocrx_word' id='word_1_230' title='bbox 367 3221 480 3286; x_wconf 80' lang='lat' dir='ltr'>Italici</span> <span class='ocrx_word' id='word_1_231' title='bbox 497 3241 551 3306; x_wconf 92' lang='lat' dir='ltr'>pro</span> <span class='ocrx_word' id='word_1_232' title='bbox 571 3219 648 3283; x_wconf 92' lang='lat' dir='ltr'>Itali.</span> <span class='ocrx_word' id='word_1_233' title='bbox 694 3219 747 3282; x_wconf 88' lang='lat' dir='ltr'>llis</span> <span class='ocrx_word' id='word_1_234' title='bbox 777 3217 996 3302; x_wconf 89' lang='lat' dir='ltr'>praetermissis</span> <span class='ocrx_word' id='word_1_235' title='bbox 1026 3217 1218 3284; x_wconf 77' lang='lat' dir='ltr'>Grammatioi</span> <span class='ocrx_word' id='word_1_236' title='bbox 1245 3233 1344 3286; x_wconf 87' lang='lat' dir='ltr'>certa·</span> 
     </span>
     <span class='ocr_line' id='line_1_30' title="bbox 238 3305 1455 3409; baseline -0.005 -19"><span class='ocrx_word' id='word_1_237' title='bbox 238 3327 293 3391; x_wconf 87' lang='lat' dir='ltr'>tim</span> <span class='ocrx_word' id='word_1_238' title='bbox 314 3325 457 3409; x_wconf 85' lang='lat' dir='ltr'>ingerunt</span> <span class='ocrx_word' id='word_1_239' title='bbox 484 3322 620 3406; x_wconf 84' lang='lat' dir='ltr'>exempla</span> <span class='ocrx_word' id='word_1_240' title='bbox 641 3341 808 3404; x_wconf 85' lang='lat' dir='ltr'>paragogec</span> <span class='ocrx_word' id='word_1_241' title='bbox 829 3321 861 3384; x_wconf 91' lang='lat' dir='ltr'>in</span> <span class='ocrx_word' id='word_1_242' title='bbox 887 3305 949 3394; x_wconf 59' lang='lat' dir='ltr'>to—c.</span> <span class='ocrx_word' id='word_1_243' title='bbox 1001 3321 1175 3406; x_wconf 84' lang='lat' dir='ltr'>Apollonius</span> <span class='ocrx_word' id='word_1_244' title='bbox 1203 3323 1240 3386; x_wconf 91' lang='lat' dir='ltr'>de</span> <span class='ocrx_word' id='word_1_245' title='bbox 1261 3325 1343 3388; x_wconf 87' lang='lat' dir='ltr'>Adv.</span> <span class='ocrx_word' id='word_1_246' title='bbox 1454 3379 1455 3384; x_wconf 73' lang='grc'><strong><em>,</em></strong></span> 
     </span>
     <span class='ocr_line' id='line_1_31' title="bbox 239 3413 1344 3515; baseline 0.001 -23"><span class='ocrx_word' id='word_1_247' title='bbox 239 3451 269 3515; x_wconf 91' lang='lat' dir='ltr'>p.</span> <span class='ocrx_word' id='word_1_248' title='bbox 293 3427 367 3494; x_wconf 79' lang='lat'>597.</span> <span class='ocrx_word' id='word_1_249' title='bbox 391 3416 580 3512; x_wconf 71' lang='grc' dir='ltr'><strong><em>παράγεται</em></strong></span> <span class='ocrx_word' id='word_1_250' title='bbox 599 3425 667 3510; x_wconf 83' lang='grc' dir='ltr'>μὲν</span> <span class='ocrx_word' id='word_1_251' title='bbox 687 3419 710 3508; x_wconf 80' lang='grc' dir='ltr'><em>ἠ</em></span> <span class='ocrx_word' id='word_1_252' title='bbox 733 3413 843 3510; x_wconf 81' lang='grc' dir='ltr'><strong><em>φωνή,</em></strong></span> <span class='ocrx_word' id='word_1_253' title='bbox 866 3418 908 3488; x_wconf 82' lang='grc' dir='ltr'>σά</span> <span class='ocrx_word' id='word_1_254' title='bbox 927 3421 1001 3509; x_wconf 76' lang='grc' dir='ltr'>μήν</span> <span class='ocrx_word' id='word_1_255' title='bbox 1013 3420 1051 3490; x_wconf 83' lang='grc' dir='ltr'>τά</span> <span class='ocrx_word' id='word_1_256' title='bbox 1069 3423 1344 3512; x_wconf 80' lang='grc' dir='ltr'><strong><em>σημαινόμενον,</em></strong></span> 
     </span>
     <span class='ocr_line' id='line_1_32' title="bbox 241 3519 1344 3617; baseline -0.003 -18"><span class='ocrx_word' id='word_1_257' title='bbox 241 3529 285 3606; x_wconf 77' lang='lat' dir='ltr'>cic</span> <span class='ocrx_word' id='word_1_258' title='bbox 310 3526 362 3598; x_wconf 76' lang='grc' dir='ltr'>ἐπ’</span> <span class='ocrx_word' id='word_1_259' title='bbox 383 3523 565 3614; x_wconf 83' lang='grc' dir='ltr'><strong><em>ὀνομάτων</em></strong></span> <span class='ocrx_word' id='word_1_260' title='bbox 589 3531 656 3616; x_wconf 77' lang='grc' dir='ltr'><strong><em>’ἔχει</em></strong></span> <span class='ocrx_word' id='word_1_261' title='bbox 676 3521 714 3592; x_wconf 82' lang='grc' dir='ltr'>τά</span> <span class='ocrx_word' id='word_1_262' title='bbox 743 3519 959 3612; x_wconf 86' lang='grc' dir='ltr'><strong><em>α’ναγιιαιή</em></strong></span> <span class='ocrx_word' id='word_1_263' title='bbox 986 3523 1063 3614; x_wconf 88' lang='grc' dir='ltr'>γάρ</span> <span class='ocrx_word' id='word_1_264' title='bbox 1093 3527 1255 3617; x_wconf 75' lang='grc' dir='ltr'><strong><em>ἐπείγει</em></strong></span> <span class='ocrx_word' id='word_1_265' title='bbox 1284 3531 1344 3597; x_wconf 79' lang='grc' dir='ltr'>ναὶ</span> 
     </span>
     <span class='ocr_line' id='line_1_33' title="bbox 238 3623 1347 3722; baseline -0.005 -20"><span class='ocrx_word' id='word_1_266' title='bbox 238 3629 487 3722; x_wconf 74' lang='grc' dir='ltr'><strong><em>παρθενικῇ</em></strong></span> <span class='ocrx_word' id='word_1_267' title='bbox 508 3634 670 3708; x_wconf 79' lang='lat' dir='ltr'>edvvio,</span> <span class='ocrx_word' id='word_1_268' title='bbox 693 3627 751 3695; x_wconf 82' lang='grc' dir='ltr'>ναὶ</span> <span class='ocrx_word' id='word_1_269' title='bbox 771 3623 810 3694; x_wconf 77' lang='lat' dir='ltr'>cd</span> <span class='ocrx_word' id='word_1_270' title='bbox 828 3623 983 3703; x_wconf 81' lang='grc' dir='ltr'><strong><em>Αἰτωλός</em></strong></span> <span class='ocrx_word' id='word_1_271' title='bbox 1003 3627 1189 3707; x_wconf 77' lang='grc' dir='ltr'><strong><em>Αἰτώλιος,</em></strong></span> <span class='ocrx_word' id='word_1_272' title='bbox 1212 3625 1347 3719; x_wconf 79' lang='grc' dir='ltr'><strong><em>κάπρος</em></strong></span> 
     </span>
    </p>
   </div>
   <div class='ocr_carea' id='block_1_6' title="bbox 239 3755 448 3770">
    <p class='ocr_par' dir='ltr' id='par_1_6' title="bbox 239 3755 448 3770">
     <span class='ocr_line' id='line_1_34' title="bbox 239 3755 448 3770; baseline -0.01 0"><span class='ocrx_word' id='word_1_273' title='bbox 239 3755 448 3770; x_wconf 50' lang='lat' dir='ltr'>m·-</span> 
     </span>
    </p>
   </div>
   <div class='ocr_carea' id='block_1_7' title="bbox 236 3805 1349 4218">
    <p class='ocr_par' dir='ltr' id='par_1_7' title="bbox 236 3805 1349 4218">
     <span class='ocr_line' id='line_1_35' title="bbox 308 3805 1345 3876; baseline 0.002 -18"><span class='ocrx_word' id='word_1_274' title='bbox 308 3805 335 3871; x_wconf 89' lang='lat' dir='ltr'>d)</span> <span class='ocrx_word' id='word_1_275' title='bbox 352 3806 482 3856; x_wconf 72' lang='lat' dir='ltr'>docentus</span> <span class='ocrx_word' id='word_1_276' title='bbox 499 3805 593 3876; x_wconf 80' lang='lat' dir='ltr'>mutati</span> <span class='ocrx_word' id='word_1_277' title='bbox 611 3805 752 3873; x_wconf 82' lang='lat' dir='ltr'>exemplum</span> <span class='ocrx_word' id='word_1_278' title='bbox 771 3806 868 3857; x_wconf 90' lang='lat' dir='ltr'>nullum</span> <span class='ocrx_word' id='word_1_279' title='bbox 885 3806 948 3856; x_wconf 89' lang='lat' dir='ltr'>mihi</span> <span class='ocrx_word' id='word_1_280' title='bbox 974 3807 1001 3858; x_wconf 93' lang='lat' dir='ltr'>in</span> <span class='ocrx_word' id='word_1_281' title='bbox 1018 3814 1134 3873; x_wconf 87' lang='lat' dir='ltr'>promptu</span> <span class='ocrx_word' id='word_1_282' title='bbox 1152 3809 1345 3875; x_wconf 77' lang='lat' dir='ltr'>praeterquod</span> 
     </span>
     <span class='ocr_line' id='line_1_36' title="bbox 240 3890 1343 3960; baseline 0.003 -18"><span class='ocrx_word' id='word_1_283' title='bbox 240 3891 385 3956; x_wconf 87' lang='lat' dir='ltr'>Stephanus</span> <span class='ocrx_word' id='word_1_284' title='bbox 403 3890 479 3942; x_wconf 78' lang='lat' dir='ltr'>affert</span> <span class='ocrx_word' id='word_1_285' title='bbox 495 3899 522 3944; x_wconf 88' lang='lat' dir='ltr'>et</span> <span class='ocrx_word' id='word_1_286' title='bbox 540 3893 587 3943; x_wconf 87' lang='lat' dir='ltr'>hoc</span> <span class='ocrx_word' id='word_1_287' title='bbox 604 3894 730 3960; x_wconf 90' lang='lat' dir='ltr'>copiosior</span> <span class='ocrx_word' id='word_1_288' title='bbox 748 3893 892 3944; x_wconf 85' lang='lat' dir='ltr'>Scholiasta</span> <span class='ocrx_word' id='word_1_289' title='bbox 909 3892 942 3942; x_wconf 89' lang='lat' dir='ltr'>ad</span> <span class='ocrx_word' id='word_1_290' title='bbox 961 3891 1063 3944; x_wconf 86' lang='lat' dir='ltr'>Oribos.</span> <span class='ocrx_word' id='word_1_291' title='bbox 1086 3893 1117 3943; x_wconf 93' lang='lat' dir='ltr'>L.</span> <span class='ocrx_word' id='word_1_292' title='bbox 1136 3891 1231 3944; x_wconf 85' lang='lat' dir='ltr'>XLIV.</span> <span class='ocrx_word' id='word_1_293' title='bbox 1251 3910 1277 3960; x_wconf 91' lang='lat' dir='ltr'>p.</span> <span class='ocrx_word' id='word_1_294' title='bbox 1297 3895 1343 3948; x_wconf 75' lang='lat'>32.</span> 
     </span>
     <span class='ocr_line' id='line_1_37' title="bbox 239 3971 1346 4052; baseline 0.006 -24"><span class='ocrx_word' id='word_1_295' title='bbox 239 3977 279 4030; x_wconf 90' lang='lat' dir='ltr'>ed.</span> <span class='ocrx_word' id='word_1_296' title='bbox 299 3977 478 4028; x_wconf 85' lang='lat' dir='ltr'>Bussemaker.</span> <span class='ocrx_word' id='word_1_297' title='bbox 499 3974 604 4044; x_wconf 73' lang='grc' dir='ltr'><strong><em>Κάρσος</em></strong></span> <span class='ocrx_word' id='word_1_298' title='bbox 615 3974 678 4031; x_wconf 86' lang='lat' dir='ltr'>-o‘</span> <span class='ocrx_word' id='word_1_299' title='bbox 697 3971 777 4032; x_wconf 81' lang='grc' dir='ltr'><strong><em>τάνσσ</em></strong></span> <span class='ocrx_word' id='word_1_300' title='bbox 796 3975 974 4032; x_wconf 62' lang='lat' dir='ltr'>volteranni</span> <span class='ocrx_word' id='word_1_301' title='bbox 991 3971 1059 4042; x_wconf 78' lang='grc' dir='ltr'><strong><em>δξάσ,</em></strong></span> <span class='ocrx_word' id='word_1_302' title='bbox 1079 3977 1128 4033; x_wconf 74' lang='grc' dir='ltr'>τοῦ</span> <span class='ocrx_word' id='word_1_303' title='bbox 1144 3976 1174 4033; x_wconf 87' lang='lat' dir='ltr'>dd</span> <span class='ocrx_word' id='word_1_304' title='bbox 1188 3983 1279 4052; x_wconf 71' lang='grc' dir='ltr'><strong><em>κυρίαν</em></strong></span> <span class='ocrx_word' id='word_1_305' title='bbox 1295 3977 1346 4049; x_wconf 65' lang='grc' dir='ltr'>,τῆς</span> 
     </span>
     <span class='ocr_line' id='line_1_38' title="bbox 237 4053 1349 4134; baseline 0.003 -18"><span class='ocrx_word' id='word_1_306' title='bbox 237 4059 342 4117; x_wconf 74' lang='grc' dir='ltr'><strong><em>πόλεως</em></strong></span> <span class='ocrx_word' id='word_1_307' title='bbox 360 4053 457 4131; x_wconf 69' lang='grc' dir='ltr'><strong><em>βοράν,</em></strong></span> <span class='ocrx_word' id='word_1_308' title='bbox 476 4079 523 4114; x_wconf 89' lang='lat' dir='ltr'>nco</span> <span class='ocrx_word' id='word_1_309' title='bbox 540 4064 683 4130; x_wconf 85' lang='lat' dir='ltr'>prosodiae,</span> <span class='ocrx_word' id='word_1_310' title='bbox 708 4063 760 4116; x_wconf 86' lang='lat' dir='ltr'>nisi</span> <span class='ocrx_word' id='word_1_311' title='bbox 783 4063 844 4115; x_wconf 87' lang='lat' dir='ltr'>urbs</span> <span class='ocrx_word' id='word_1_312' title='bbox 861 4059 987 4134; x_wconf 79' lang='grc' dir='ltr'><strong><em>Κάφοτο</em></strong></span> <span class='ocrx_word' id='word_1_313' title='bbox 1008 4063 1062 4116; x_wconf 89' lang='lat' dir='ltr'>situ</span> <span class='ocrx_word' id='word_1_314' title='bbox 1085 4065 1171 4132; x_wconf 90' lang='lat' dir='ltr'>potins</span> <span class='ocrx_word' id='word_1_315' title='bbox 1197 4065 1270 4118; x_wconf 81' lang='lat' dir='ltr'>dieta</span> <span class='ocrx_word' id='word_1_316' title='bbox 1295 4073 1349 4133; x_wconf 83' lang='lat' dir='ltr'>est,</span> 
     </span>
     <span class='ocr_line' id='line_1_39' title="bbox 236 4148 628 4218; baseline 0.005 -18"><span class='ocrx_word' id='word_1_317' title='bbox 236 4163 313 4218; x_wconf 80' lang='lat' dir='ltr'>quem</span> <span class='ocrx_word' id='word_1_318' title='bbox 330 4163 347 4200; x_wconf 85' lang='lat' dir='ltr'>a</span> <span class='ocrx_word' id='word_1_319' title='bbox 364 4148 451 4217; x_wconf 80' lang='lat' dir='ltr'>Gypho</span> <span class='ocrx_word' id='word_1_320' title='bbox 468 4150 554 4202; x_wconf 91' lang='lat' dir='ltr'>nescio</span> <span class='ocrx_word' id='word_1_321' title='bbox 571 4165 628 4217; x_wconf 86' lang='lat' dir='ltr'>qno.</span> 
     </span>
    </p>
   </div>
   <div class='ocr_carea' id='block_1_8' title="bbox 0 0 1471 4882">
    <p class='ocr_par' dir='ltr' id='par_1_8' title="bbox 0 0 1471 4882">
     <span class='ocr_line' id='line_1_40' title="bbox 0 0 1471 4882; baseline 0 0"><span class='ocrx_word' id='word_1_322' title='bbox 0 0 1471 4882; x_wconf 95' lang='lat' dir='ltr'> </span> 
     </span>
    </p>
   </div>
  </div>
 </body>
</html>
