2940 4894
308 311 366 378 DE
393 309 1018 412 Nuutuutottosutttet.
1153 311 1223 378 Μ
1333 411 1335 419 Δ

111 515 183 558 naam
196 513 365 576 agnoscere
385 491 503 566 videor,
527 489 632 574 hisque
648 489 786 574 proxime
800 511 879 574 pono
894 511 943 565 ea,
965 507 1041 573 qnae
1055 510 1109 574 pro
1127 477 1243 575 sigma'

113 617 195 658 uuam
222 596 318 658 trium
340 594 489 658 vocalium
511 603 704 676 receperunt,
719 625 723 634 ,
734 591 829 680 μίγα,
857 591 947 680 λίγα,
974 587 1080 671 πύκα,
1109 591 1223 678 κρύφα

110 709 163 761 ete.
186 719 219 760 v.
249 697 287 760 C.
313 697 351 760 ll.
376 697 403 779 §.
429 695 461 758 1.
492 715 617 778 quorum
646 694 788 758 brevitati
814 697 952 759 medetur
972 695 1121 758 insertum
1143 694 1224 760 delta

108 797 223 885 μίγδα,
253 793 407 886 κρύβδα,
439 788 565 884 κύβδα,
598 787 728 886 φύγδα,
757 807 789 860 et
811 797 967 860 labialibus
989 796 1136 860 familiare
1158 818 1222 881 my,

106 899 225 990 ῥίμφα.
272 902 387 965 Εσδοσι
408 920 482 964 vero
505 898 618 964 vocalis
640 898 799 962 adhibetur
820 900 921 962 verbis
943 899 1027 983 puris
1041 899 1091 963 vel
1111 885 1138 965 οἶ
1159 919 1223 962 mo-

108 1003 162 1066 bile
191 997 491 1092 οσοοοιίοσο.χσδά
518 1001 628 1070 Joaun.
658 1022 688 1084 p.
713 999 767 1064 30.
798 993 962 1090 ποριχοδά
992 1002 1031 1084 (si
1063 1011 1146 1066 terta
1176 1011 1224 1066 est

108 1105 254 1188 scriptura
269 1105 416 1188 Hippone.
432 1105 468 1168 de
481 1103 589 1168 Affeet.
608 1125 638 1187 p.
653 1100 729 1171 420.
745 1102 781 1166 T.
798 1101 836 1164 ll.
853 1104 904 1166 ubi
920 1102 1082 1194 πορίχσδα
1097 1104 1222 1186 editum)

107 1203 223 1274 ατσδά
232 1210 285 1290 ⁴)
310 1197 501 1285 οἷποοοαδά,
524 1195 688 1290 διακριδά,
710 1197 878 1290 α’ποκριδά
898 1205 1007 1270 Jnann.
1023 1229 1053 1294 p.
1071 1204 1125 1272 33.
1150 1227 1223 1292 quo·

56 1295 70 1314 ²
108 1329 170 1370 rum
192 1319 343 1372 aeoentus
372 1308 505 1372 declarat
526 1307 606 1372 delta
626 1328 689 1371 uon
710 1307 920 1390 interpositum
943 1327 1011 1370 esse
1033 1319 1075 1372 ut
1088 1308 1223 1392 superio-

106 1411 196 1488 ribus,
220 1412 277 1474 sed
301 1411 453 1494 pertinere
478 1411 516 1474 ad
537 1409 802 1486 terminationem,
827 1409 913 1494 eujus
934 1409 1030 1473 altera
1052 1411 1148 1474 forma
1170 1421 1219 1474 est

106 1511 170 1586 δον,
195 1507 339 1592 σταδόν,
361 1509 476 1601 ῥοδύν,
503 1507 632 1600 σχεδόν,
660 1504 813 1590 ἐκσαδύν,
843 1507 1039 1592 ἐπισταδόν,
1066 1507 1222 1579 οἷποοσα-

107 1610 179 1693 δύο,
207 1611 463 1704 πορισσαλαδόν
492 1614 626 1708 Hesyob.
660 1606 863 1700 οίποσριδύν,
891 1607 1079 1700 δισκριδόν,
1108 1636 1223 1700 παρα-

106 1712 227 1798 σλιδόν,
252 1729 288 1782 et
301 1717 392 1780 tertia
407 1697 546 1802 στάδην,
566 1710 691 1804 βάδην,
712 1710 829 1807 ῥύδην,
852 1714 958 1803 σύδην
991 1713 1097 1807 χύδην
1126 1713 1221 1784 ἐκτά-

107 1817 173 1903 δην,
189 1815 387 1904 α’ποτοίδην,
400 1811 577 1906 οἷμφάδην,
596 1815 768 1906 διαφάδην
783 1816 1013 1907 (δισρῥήδην),
1028 1811 1221 1906 ἐπισπάδην

107 1920 241 2007 Hippone.
268 1924 310 1986 de
332 1921 391 1985 lnt.
415 1922 476 1986 Aff.
500 1944 530 2007 p.
545 1922 621 1987 474.
647 1923 684 1986 Τ.
702 1921 741 1985 ll.
766 1918 974 2011 ἐμπολοίδην,
997 1924 1144 2009 quemad
1166 1943 1222 1986 οσ-

107 2044 216 2090 merum
239 2013 403 2121 accolunt,
434 2047 509 2110 qnae
531 2047 550 2090 a
569 2025 671 2090 verbis
692 2024 725 2088 in
747 2045 911 2090 consonam
932 2028 1115 2090 exeuntibus
1131 2026 1221 2090 taeta

109 2137 185 2206 sunt,
207 2125 362 2216 μίγδην,“
378 2127 573 2216 οσναὶγδην,
598 2126 754 2215 νλέβδην,
786 2123 903 2215 ὅβδην,
926 2125 1111 2216 διαλεγδόν,
1132 2123 1221 2214 ἠγνο-

108 2228 261 2318 ρολεγδόν
285 2232 385 2296 Arist
409 2231 447 2296 H.
470 2231 553 2294 Anu.
576 2229 630 2294 Vl.
660 2230 717 2308 21,
740 2231 774 2298 2.
827 2231 939 2316 Hisque
960 2231 1221 2296 terminationibus

111 2349 192 2416 saepe
206 2335 313 2398 eadem
328 2334 487 2398 venantur
497 2333 655 2397 voeabula
692 2333 869 2417 Apollomus
881 2335 917 2398 de
929 2333 1007 2398 Atlv
1025 2356 1054 2418 ρ.
1072 2332 1148 2412 562,
1165 2329 1219 2398 18.

109 2430 147 2498 τά
167 2439 213 2510 εἰς
236 2437 282 2503 δα
306 2432 495 2522 όξσνόμσνα
517 2427 726 2525 σονσπάρχοι
752 2448 824 2509 τοῖς
852 2440 899 2510 εἷς
924 2436 986 2502 δον
1008 2433 1222 2521 περατουμέ-

111 2559 187 2620 νοις,
215 2534 424 2630 ναναχηδύν,
452 2529 637 2629 σαναχηδά,
666 2529 883 2626 αὐτοσχεδόν,
915 2531 1113 2628 αστοσχσδά,
1133 2560 1222 2629 γαν

111 2631 175 2720 δάν,
197 2637 321 2732 χανδά,
347 2641 544 2728 similiterque
566 2641 626 2706 alia
647 2640 782 2706 verbalia
804 2652 835 2704 et
856 2640 1020 2706 nominalia
1041 2630 1219 2728 οἷγεληδύν,

112 2734 271 2830 σ’γσληδά,
301 2736 450 2832 οἷληδύν,
479 2739 610 2830 σίληδά,
637 2733 829 2828 λαθρηδύν,
856 2739 1025 2831 λαθρηδά,
1055 2737 1220 2830 ῥοιζηδύν,

105 2842 254 2933 ·ῥοιζηδὀί,
286 2845 468 2928 σσσσαδόν,
497 2841 660 2914 σοοταδά.
704 2846 758 2910 llis
786 2847 926 2932 adjunota
955 2858 1003 2910 est
1029 2857 1135 2930 quarta
1158 2857 1221 2910 tem

106 2947 242 3033 mimiio,
270 2951 358 3066 eujus
382 2951 533 3034 specimen
555 2952 678 3034 praebet
697 2944 858 3036 μιγάδην,
882 2949 935 3012 sed
956 2949 1220 3033 frequentissimus

112 3067 178 3114 usus
204 3066 254 3118 est
282 3052 316 3115 in
343 3052 512 3116 nominibus
534 3054 700 3136 perfeeto
690 3054 824 3118 οσοοοοο
845 3052 1031 3127 assimilatis,
1057 3049 1220 3140 λογάδην,

106 3153 353 3244 Δκαταλογάδην,
378 3149 566 3244 α’γχοάδην,
595 3150 813 3243 άνδοκάδηνβ
817 3145 1040 3244 άγδβολάδην,
1061 3157 1222 3276 παραβρ-

113 3249 221 3342 λοίδην,
242 3254 495 3348 ὑπερβολάδην,
518 3253 705 3356 δρομύδην,
724 3253 1016 3347 παραδρομάδηνζ·
1024 3250 1223 3347 intepuistis·

109 3351 202 3448 δην,
209 3355 446 3446 ἐπιστολάδην,
474 3347 732 3472 περισσοίσίβῆν,
755 3356 1037 3460 σίνασσρσηάδην,
1051 3357 1221 3458 λογάδην,

115 3458 294 3549 σποράδην,
311 3457 474 3550 φοράδην,
496 3482 627 3546 quornm
617 3448 806 3559 exemplum
819 3463 955 3546 sequitur
969 3473 1103 3560 propter,¹
1101 3451 1221 3536 formae

115 3560 334 3630 similitudinem
359 3575 480 3630 caetera
500 3551 599 3648 dispar
618 3549 808 3652 ,ιηὀνάδηνς,
822 3566 935 3648 quod
920 3564 1000 3628 idem
1021 3553 1131 3626 linitur
1153 3585 1222 3630 eum

116 3667 270 3732 metathesi
295 3666 469 3752 quantitatis
491 3661 700 3818 μονναδύν
699 3679 746 3740 ut
761 3663 944 3796 ntulisti,
953 3661 1168 3756 συνωχαδόν
1189 3678 1222 3732 et

693 3787 751 3822 u
777 3789 809 3815 Ι·

178 3859 296 3926 4)Νοοο
300 3859 459 3914 ..XXXVII
472 3800 553 3936 522
561 3869 646 3916 eoin
647 3857 700 3915 ύσδ
718 3875 791 3916 nene
792 3859 957 3932 opimata
937 3883 1008 3933 ασγ
1010 3861 1165 3930 στσίροίκτ
1166 3860 1234 3928 οἶδα,

77 3943 250 4086 iffi,
250 3947 409 4088 agrae
314 3947 442 4002 σέοσσστ
410 3937 630 4064 δῐρ
571 4025 614 4080 „a
628 4045 631 4052 .
599 3933 716 4000 ‹uisativo
729 3944 851 4051 babuiese
870 3949 984 4000 videtur.
1011 3949 1062 4001 Sed
1075 3958 1116 4002 est
1129 3953 1220 4005 adver-

121 4117 210 4263 0.ωὲ
223 4120 283 4262 Aeg}
264 4121 353 4173 verbio
366 4103 488 4188 δμοδόδ
478 4081 569 4224 tillem
586 4123 720 4185 ooneiliet
722 4066 820 4210 suillae
835 4119 922 4186 glossa
933 4115 1100 4190 ’Τηοιμαδσν
1114 4116 1221 4192 (ὅσον.)

210 4225 282 4273 νιν
284 4225 311 4260 r.
493 4220 497 4228 ·
527 4235 531 4242 ·
