2914 4882
216 299 268 376 nu
291 305 498 374 SUBs'l'ANT.
523 304 548 370 l.
572 305 728 376 uuctttt.
753 305 891 376 PAPAG.
916 307 993 376 ΙΟΝ.
1018 311 1046 400 5.
1063 311 1096 380 4.
1151 314 1227 382 ‘wll

120 480 275 575 κάπριος.
319 485 494 554 Euanthius
514 508 544 572 p.
559 484 635 563 434,
654 485 712 552 31.
734 497 766 554 et
787 488 876 556 Ilion.
901 513 933 556 v.
950 465 1024 556 aab.
1038 488 1227 576 attieno&

5 641 7 650 .
120 586 251 668 δάνιος,
276 586 417 666 Λύδιος,
441 585 583 676 Σύριος,
606 581 817 677 Παμφύλους
846 603 877 658 ct
906 615 972 658 cum
994 595 1148 680 adjectivis
1169 588 1228 680 ὅρ-

119 699 213 771 θιος,
235 686 424 780 κερτόμιοςι
446 689 608 781 μειλίχιος
629 704 792 777 comparat,
816 695 973 778 dequibus
996 698 1074 760 iufra
1097 697 1236 761 dicetur.—

121 797 180 862 Scd
200 797 273 862 baec
296 797 361 862 sive
388 796 466 859 idem
500 816 565 860 oum
588 795 748 878 primitivis
780 797 951 880 significant
978 811 1013 864 ut
1032 794 1227 884 Δαρδάνιοιι

117 897 322 986 Καρμάνιοι
347 921 379 964 v.
403 897 572 967 Tzachuek.
596 901 631 962 ad
653 899 725 962 Mel.
750 898 819 964 Vol.
847 899 885 964 ll.
907 901 943 964 Ρ.
968 901 1018 964 lll.
1050 900 1125 968 263.
1160 903 1225 966 sive
1255 919 1257 926 ’

118 1002 273 1066 diversum
295 1001 430 1086 quiddam
459 1011 494 1066 ut
515 1003 688 1086 plerumque
711 997 849 1087 Σύριοι,
875 1025 899 1068 .a
921 1005 1155 1068 derivativorum
1181 1003 1227 1068 si-

115 1103 286 1168 militudine
308 1103 427 1188 longius
455 1125 541 1187 quam
571 1104 727 1189 superiora
755 1107 863 1170 absum
890 1106 1043 1190 magisque¹
1073 1107 1134 1182 sul,
1146 1106 1227 1190 juris

116 1209 187 1270 e'ssc
209 1207 362 1272 videntur.
407 1206 447 1270 Et
476 1206 586 1273 clarius
613 1208 703 1273 etiam
735 1208 769 1272 in
798 1209 1021 1294 audrouymicis
1037 1203 1173 1294 Ἴκαρος
1195 1217 1228 1272 et

115 1303 265 1394 Ἰκάριος
285 1332 317 1374 v.
339 1308 458 1374 Jacobs.
483 1308 744 1374 aduolutum.
768 1332 797 1396 p.
821 1309 897 1375 493.
921 1302 1067 1384 Ξάνθος
1089 1304 1225 1384 οιΞοέκ·

114 1417 199 1484 θιος
221 1433 252 1475 v.
277 1411 446 1477 Tzsobuck.
476 1413 512 1502 ad
535 1411 633 1476 Strab.
658 1414 700 1477 X.
722 1411 799 1480 288.
822 1413 978 1499 Λαέρτης
999 1423 1031 1476 et
1051 1415 1224 1498 Aue'pcmc,

114 1511 272 1600 ἐριούνης
295 1527 326 1580 et
350 1509 526 1599 ἐριούνιος,
541 1515 684 1602 simplicis
702 1516 974 1600 perasebemntismi
990 1516 1116 1600 vestigia
1132 1536 1225 1600 agno-

114 1639 182 1682 sco.
228 1618 309 1682 llaec
321 1617 415 1680 multo
435 1617 583 1702 copiosius
605 1619 728 1682 tractari
752 1627 876 1702 possunt
898 1628 930 1682 et
951 1619 1094 1693 limatius,
1117 1619 1170 1682 sed
1192 1630 1226 1684 ut

113 1721 154 1808 ad
176 1731 346 1784 extremum
368 1729 400 1784 et
423 1741 480 1803 quo
510 1741 583 1804 opus
611 1731 659 1784 est
686 1721 759 1791 haec
786 1722 967 1806 perducatur
995 1720 1129 1804 quaestio
1157 1721 1228 1786 lieri

5 1843 7 1876 ι
113 1844 204 1908 posse
226 1825 371 1908 despero,
394 1823 525 1889 maxime
556 1824 632 1908 quod
653 1821 689 1886 ad
711 1823 865 1908 gentilicia
897 1823 1016 1886 attinet.
1061 1821 1165 1906 Neque
1194 1823 1224 1888 id
1304 1901 1306 1904 Ι

114 1925 280 1990 effecturus
302 1925 410 1988 fuisset
432 1924 471 1988 ls.
482 1925 621 2000 Vossius,
645 1925 695 2008 qui
716 1927 752 1990 ad
773 1925 846 1990 Mel.
871 1924 895 1988 l.
920 1925 953 2000 2,
978 1925 1009 1990 5.
1036 1925 1080 1990 sic
1093 1944 1226 2009 pronun*

114 2028 190 2102 ciot,
212 2029 250 2090 ab
270 2027 351 2090 Ariis
373 2028 503 2092 Arianos
526 2028 731 2092 denominatos
753 2049 840 2102 esse,
864 2043 882 2092 a
905 2027 1021 2114 Sogdiis
1045 2027 1222 2112 Sogdianos,

113 2153 133 2194 a
154 2129 282 2194 bactriis
303 2129 488 2209 Bactrianos,
511 2129 673 2214 aDraugis
690 2131 888 2214 Drangiauos‚
912 2145 1004 2213 eaque
1027 2131 1149 2194 nomina
1162 2151 1224 2194 nou

115 2233 259 2298 conlundi
282 2232 342 2298 uisi
363 2234 399 2296 eb
424 2227 708 2320 oiyomypopp'cocc.
753 2231 901 2296 Nimirum
931 2235 958 2296 si
986 2233 1126 2319 quidquid
1152 2253 1223 2296 con·

113 2347 163 2400 tra
185 2335 306 2399 venerit
327 2346 380 2398 aut
401 2335 590 2410 librariorum
613 2336 710 2400 errori
731 2335 906 2418 imputetur,
930 2355 1003 2417 quos
1033 2345 1147 2398 certum
1176 2345 1226 2400 est

113 2443 147 2504 iu
171 2437 218 2501 bis
243 2437 501 2502 terminationibus
523 2437 808 2522 saepevacillassc,
836 2445 891 2504 aut
912 2436 1103 2501 scribentium
1126 2436 1224 2500 insci·-

114 2541 195 2615 dae,
221 2541 258 2604 de
282 2560 340 2623 qua
367 2551 481 2604 tautum
511 2541 596 2604 nobis
632 2541 776 2624 suspicari
805 2537 875 2604 licet
903 2547 1043 2621 quamum
1071 2536 1220 2613 volumus,

5 2705 7 2720 ,
114 2655 169 2708 aut
199 2642 339 2706 licentiae
368 2654 543 2727 poetarum,
574 2663 660 2727 quam
687 2659 794 2706 severe
825 2638 963 2724 castigat
979 2639 1156 2725 Bernhardy
1184 2641 1221 2704 ad

114 2746 208 2811 Dion.
232 2767 262 2830 p.
285 2743 360 2810 759.
386 2755 418 2810 et
438 2744 513 2810 773.
545 2744 619 2808 nibil
640 2744 711 2820 crit,
735 2745 812 2828 quod
834 2765 895 2808 nou
920 2744 1044 2828 quadret
1064 2743 1101 2806 ad
1122 2763 1222 2808 emus·

56 2883 61 2893 ·
112 2851 186 2914 sim.
219 2848 271 2910 Et
292 2858 374 2912 certe
397 2858 432 2911 nt
451 2849 494 2912 ita
522 2859 614 2927 esset,
632 2847 765 2932 optabile
795 2857 861 2911 erat
889 2860 952 2910 non*
977 2846 1062 2910 modo
1091 2866 1222 2930 geogra-

113 2951 202 3036 pbiae
226 2969 315 3014 causa
336 2951 388 3014 sed
410 2949 634 3035 grammaticae,
657 2949 705 3014 cui
728 2959 813 3034 turpe
835 2960 882 3014 est
904 2949 1035 3026 nescire,
1056 2943 1221 3023 Βοιώτιος

113 3049 202 3138 οἷνήρ
225 3052 257 3115 in
278 3062 383 3116 vetere
411 3054 553 3132 oraculo,
582 3063 723 3117 utrumne
753 3053 900 3136 adjective
928 3053 1043 3118 dicatur
1071 3061 1105 3116 ut
1133 3051 1221 3116 homo

113 3171 259 3220 romanus
280 3174 320 3216 an
342 3155 528 3219 substantive
557 3165 591 3218 ut
617 3149 776 3243 βασιλεύς
795 3148 895 3241 α’νήρ.
941 3153 1000 3218 Sed
1016 3157 1078 3239 jam
1100 3154 1221 3218 veniam

114 3260 151 3322 ad
168 3255 347 3341 appellativa
362 3257 520 3340 ordiarqne
541 3259 577 3320 ab
599 3258 651 3320 illo
666 3257 799 3332 nomine,
817 3258 894 3340 quod
906 3257 939 3320 in
950 3256 1099 3340 Apollonii
1116 3277 1219 3320 exem-

113 3360 173 3446 plis
196 3359 359 3423 secundum
382 3368 439 3422 cst.
486 3357 558 3437 Quis
589 3370 707 3434 autem,
739 3371 828 3441 quum
859 3358 891 3422 in
914 3358 1043 3424 Oncstae
1064 3358 1168 3441 Epigr.
1192 3357 1218 3428 l,

113 3462 226 3547 legerit
247 3454 326 3528 odos
345 3485 391 3546 με
413 3459 625 3546 παρθενικῆς
646 3459 759 3545 τέρπει
776 3452 887 3548 γάμος
900 3455 979 3526 οὔτε
992 3451 1219 3547 γεραιῆς,ὀοιι

113 3565 252 3650 protinus
274 3562 424 3648 intelliget
445 3573 603 3646 utrumque
625 3584 678 3646 pro
700 3563 888 3628 substantivo
911 3583 979 3626 esse
1000 3563 1053 3625 sed
1072 3581 1134 3623 uon
1151 3561 1220 3624 sub-

113 3667 305 3732 stantivum?
329 3665 393 3745 Quo
414 3665 450 3729 de
472 3685 509 3728 re
529 3685 568 3728 ne
590 3685 648 3748 qua
667 3665 799 3730 resideat
819 3664 974 3739 dubitatio,
998 3663 1138 3747 expediet
1158 3668 1220 3726 me·

113 3769 241 3834 minisse
263 3768 417 3846 similium,
439 3757 578 3851 θήλὲιοι
602 3788 656 3852 pro
677 3777 835 3854 γννοῑκες
855 3776 886 3830 et
908 3765 999 3852 φῦλον
1017 3762 1220 3852 γυναικείων

114 3871 240 3958 Pbocyl.
262 3869 314 3934 Fr.
339 3869 377 3934 ll.
387 3873 416 3953 ⁷)
445 3863 627 3956 όρφανικός
655 3891 710 3954 pro
734 3862 902 3956 ὀρφανός,
931 3860 1139 3942 dcunduuuoc
1164 3891 1218 3954 pru

113 4003 326 4022 m

113 4093 122 4108 t
184 4053 268 4119 7)Γὺ
270 4076 346 4109 ccccc
363 4047 488 4108 llattbiue
502 4047 614 4108 Gramm.
635 4049 800 4108 deminutivie
819 4047 980 4119 adnumeret,
999 4071 1107 4124 quorum
1122 4056 1220 4110 nubum

113 4124 305 4176 beno-formam
322 4125 415 4186 babet,
433 4133 473 4176 est
490 4126 575 4192 petius
593 4132 714 4180 nentrum
731 4125 853 4192 collectivi
876 4125 1069 4180 udeminutiv'e
1092 4127 1218 4192 significa·

114 4195 187 4245 tione
205 4209 328 4260 persaepe
346 4195 495 4247 discretum.
1211 4224 1215 4234 ·

63 4333 76 4346 ,
146 4279 258 4333 Lcdeclt.
276 4278 400 4350 Paralc'p.
474 4301 484 4330 t
968 4292 1012 4360 20
