2882 4882
166 375 398 448 adornatum
417 375 730 444 ADNOTATIONUM
749 377 802 444 Ad
825 376 935 446 sord.
956 377 1123 448 macen.
1146 381 1219 452 lilill
1263 311 1272 328 ·

145 560 221 648 qnid
251 557 333 624 alind
360 555 557 643 comprobareu
585 556 750 642 voluerit,¹
769 555 800 622 id
828 567 974 624 autema
1001 557 1223 639 librariis‚..nt

145 663 268 730 centies
290 663 323 726 in
345 659 628 748 glossographorum
642 657 746 736 libris,
769 662 1015 744 praetermissum
1037 661 1087 728 sit.
1136 663 1218 730 llaec

144 765 177 832 si
200 785 318 849 nequeo
340 759 547 828 demonstrare
568 759 809 850 γεωμετρικῶς,
840 773 923 828 oerte
945 785 1006 828 non
1027 765 1128 830 minus
1148 785 1218 851 pro·

143 867 262 933 habilia
282 877 354 931 sunt
377 886 465 949 quam
487 886 564 952 quae
581 864 635 929 vir
656 863 760 927 doetus
783 863 886 942 sumit,
901 865 1038 930 Photinm
1060 868 1218 953 scripsisse

144 965 276 1056 Ποίων
296 961 525 1054 τῦῦρμενον·
552 958 662 1055 πριῦν
687 965 724 1033 δὲ
752 957 917 1045 ὀξυτόνως
939 962 957 1033 d
977 963 1125 1054 τέμνων,
1146 969 1217 1034 Ari·
1291 1015 1293 1017 -

145 1073 329 1157 stophanem
350 1075 424 1137 vero
446 1069 601 1158 πρίονα,
633 1090 727 1154 eoque
756 1070 886 1134 fabrum.
902 1070 1088 1154 significasse
1118 1072 1217 1156 tigna·

145 1176 250 1242 rium:
282 1171 393 1262 πρίων
424 1173 623 1260 (sive'potius
645 1168 769 1258 πριῦν)
783 1172 937 1238 'dedentet
953 1175 986 1236 io
1006 1172 1112 1238 beidam
1135 1173 1217 1238 Stel-

145 1278 203 1343 Ιοπ
223 1277 340 1341 semodi
350 1275 561 1340 bailiratinus
583 1277 631 1339 alr
652 1275 703 1344 toi
709 1273 942 1362 Aristophanes
963 1278 1053 1340 eriven
1068 1275 1216 1340 mmmm
1335 1272 1337 1276 ’

147 1387 259 1457 meam
284 1379 360 1463 qnod
382 1379 485 1442 neseio
510 1379 655 1462 quomodo
675 1379 711 1442 ab
735 1401 771 1443 eo
794 1379 853 1443 diei
874 1380 1008 1465 potuerit
1023 1380 1072 1464 qui
1089 1379 1216 1444 Dindor-

146 1483 225 1548 lium
245 1481 456 1566 Aristophanis
478 1482 574 1546 verba
601 1480 683 1546 felini
706 1483 880 1567 eonjeotnra
902 1482 1073 1549 restituisse
1097 1482 1216 1546 dixerat

144 1582 286 1672 πρίωνα
321 1581 340 1650 d
375 1587 443 1672 μὲν
478 1585 566 1650 ἕλκει
593 1583 663 1649 κτλ.
722 1585 952 1650 Distinotionem
989 1585 1072 1649 illam
1107 1605 1216 1650 aeeon-

145 1699 214 1764 tns,
246 1709 334 1771 qnam
356 1687 478 1751 Photins
506 1686 659 1770 proponit,
687 1686 853 1770 improbavi
880 1689 1022 1772 subjectis
1054 1687 1214 1772 exemplis,

146 1789 260 1874 quibus
290 1809 400 1854 nomen
427 1789 501 1852 illud
530 1801 807 1874 proparoxytonum
835 1790 929 1854 luisse
959 1801 1080 1875 apparet
1110 1799 1216 1874 et'per

143 1879 395 1970 {declinatum
427 1893 536 1956 addere
564 1901 697 1975 poteram
727 1891 806 1955 Plut.
837 1893 873 1956 de
901 1894 955 1957 Es.
989 1894 1080 1957 Carn.
1112 1893 1151 1957 ll.
1184 1891 1215 1957 1.

143 1993 227 2063 244.
252 1993 393 2060 Philostr.
417 1993 529 2080 lmagg.
553 1993 579 2058 Ι.
605 1987 757 2080 16,'78tt.
782 1995 906 2080 Philipp.
931 1996 1034 2080 Epigr.
1051 1995 1121 2060 XV.
1149 1994 1215 2060 Ori·
1348 2069 1349 2072 Ἴ

143 2099 214 2163 bas.
245 2097 282 2160 L.
306 2096 414 2162 XLIV.
445 2119 474 2182 p.
499 2095 554 2163 48.
585 2097 632 2162 ed.
659 2097 796 2161 Bussem.
826 2111 994 2183 inprovidae
1019 2099 1106 2162 Aret.
1138 2096 1212 2162 Cur.

96 2243 98 2246 -
143 2201 233 2266 Dint.
258 2199 295 2263 ll.
317 2199 351 2279 4,
373 2198 448 2262 333.
473 2197 680 2286 πριονοεωλές
696 2200 802 2264 Galen.
820 2200 856 2262 de
869 2200 936 2262 Oss.
953 2201 990 2262 ad
1004 2201 1066 2262 Tir.
1089 2221 1119 2284 p.
1138 2197 1213 2264 737.

144 2303 185 2366 Τ.
211 2300 250 2366 ll.
273 2301 402 2384 aliaque.
451 2301 619 2364 Gonoodam
641 2301 707 2364 fieri
730 2322 817 2384 posse
839 2311 874 2364 ut
895 2303 931 2364 de
954 2301 1058 2366 Plotio
1083 2303 1214 2386 aliquia

140 2422 197 2470 'me
231 2402 431 2478 dissentiant,
462 2423 585 2487 remque
617 2425 680 2466 non
704 2423 829 2487 prorsus
853 2403 1039 2487 exploratam
1062 2425 1129 2468 esse
1148 2403 1213 2487 ipse

144 2504 318 2593 significavi
339 2506 441 2570 verbis
462 2505 527 2569 illis
542 2505 579 2568 id
599 2527 658 2590 ego
682 2507 728 2568 sio
754 2507 956 2590 interpretor,
980 2507 1033 2570 sed
1055 2517 1089 2570 ut
1110 2515 1212 2590 aperte
1340 2541 1342 2548 ν

99 2637 102 2642 ·
144 2631 197 2677 me
229 2595 349 2672 errasse
380 2605 534 2691 (offendar
560 2607 834 2689 massoersdandan)
865 2608 1028 2684 confitear,
1062 2609 1213 2692 haudqua-

144 2733 238 2800 quam
268 2731 316 2774 me
338 2703 494 2796 permovet
514 2711 592 2774 docti
618 2709 753 2774 censoris
777 2710 958 2795 disputatio,
991 2713 1076 2798 eujus
1104 2733 1213 2778 nomen

142 2817 270 2902 ignoro,
292 2813 532 2878 benevolentiam
554 2823 658 2898 gratus
680 2835 822 2898 agnosco.

98 2919 133 2985 P.
161 2915 239 2982 167.
264 2917 342 2979 Adn.
367 2915 398 2978 7.
424 2908 597 3005 Πλοῖγγων
621 2917 707 2980 Phot.
733 2916 927 2980 CCLXXlX.
951 2916 1052 2984 870..

97 3019 148 3086 P:
162 3017 241 3084 170.
266 3017 321 3081 lin.
346 3017 396 3082 19.
417 3017 625 3104 Theognostus
648 3019 762 3084 Aneed.
787 3019 825 3083 ll.
850 3019 904 3098 33,
924 3019 975 3084 ll.
999 3013 1211 3099 ῬίζωνῬί-

144 3126 267 3204 ζωνος,
296 3114 403 3200 ’Όζων
419 3114 566 3200 Ὄζωνος
595 3116 708 3208 ὄνομα
737 3123 912 3208 ποταμοῦ,
938 3116 1047 3202 Ἄξων
1064 3115 1212 3202 ’Ἁζωνος

141 3219 266 3310 ὄνομα
292 3214 435 3308 κύριον..
451 3225 542 3291 serib.
561 3219 669 3304 ’Ἀζων
699 3236 730 3288 et
750 3219 854 3305 Ἀζῦν
882 3236 916 3288 nt
942 3225 1065 3290 Nioetas
1094 3223 1207 3293 Anecd.

140 3329 247 3395 Boiss.
271 3325 305 3391 Τ.
324 3325 376 3390 lll.
397 3326 472 3393 328.
492 3322 640 3408 ’Ἁζωνος
661 3329 823 3415 ποταμοῦ
845 3322 1058 3408 καλἉζῦνος
1079 3324 1209 3412 τυρίον.
1306 3316 1311 3325 ’

146 3430 224 3504 Τοῦ
255 3425 453 3509 Ῥιζοῦντος
482 3431 600 3518 Scylae.
632 3452 662 3518 p.
685 3423 760 3495 251.
785 3433 821 3494 Τ.
846 3431 869 3494 l.
906 3429 1211 3515 Comparativumol

143 3531 300 3616 ὄλῖζωνες
321 3533 442 3596 invexit
461 3533 613 3598 Nicander
634 3533 690 3596 Th.
717 3533 789 3600 123.
816 3534 965 3598 Proximis
989 3534 1062 3597 adde
1076 3532 1210 3600 Δέλτων

144 3647 184 3700 et
204 3633 337 3723 Δρίλων
366 3635 525 3702 fluviorum
560 3637 682 3699 nomina
710 3623 822 3721 perol
850 3636 1016 3711 declinata,
1053 3632 1210 3722 Ῥίγμων

144 3761 275 3811 *ονος
293 3739 352 3804 viri
367 3739 466 3803 Sehol'.
491 3738 527 3802 ll.
543 3739 617 3802 XX.
636 3737 711 3804 485.
737 3743 914 3827 Μέρμνων
931 3764 1065 3813 -ωνος
1079 3739 1206 3803 Theoer.

56 3843 58 3850 ’
143 3832 281 3925 Νοῖρων
299 3841 560 3928 -ovogSoylae
576 3843 690 3928 pald.
703 3845 755 3908 sed
764 3838 927 3928 Νολρονος
943 3855 1029 3926 poeta
1042 3865 1088 3926 ap.
1104 3843 1206 3929 Etym.

143 3941 188 4006 M.
221 3963 249 4006 s.
275 3945 453 4032 Βοωθοίη,
485 3945 601 4030 aliaque
624 3967 699 4030 quae
728 3948 814 4012 doota
838 3946 1022 4031 Theognosti
1050 3945 1209 4030 disputatio

143 4042 313 4128 suppeditat
334 4045 355 4108 l.
382 4069 409 4110 e.
429 4069 462 4132 p.
487 4047 628 4115 27—36.

98 4143 135 4208 P.
160 4144 238 4209 171.
262 4144 317 4210 lin.
345 4146 396 4211 15.
419 4162 489 4235 post
510 4173 613 4216 ornnes
634 4150 702 4217 add.
725 4161 847 4238 praeter
868 4153 924 4219 duo
946 4149 1141 4216 Laodmnnni.

97 4245 133 4311 P.
157 4245 233 4313 177.
265 4247 321 4316 lin.
351 4248 405 4316 25.
446 4253 520 4323 noir
547 4255 644 4347 ῥῆμα
671 4258 719 4331 εἰς
754 4241 831 4324 adv-d
867 4256 973 4346 λῆγον
1007 4251 1206 4344 βαρύνεται,
