2944 4888
247 321 297 394 94
488 316 508 372 Γ
623 323 937 392 DISSERTA-TIO
968 323 992 390 l.

248 507 351 574 Maon
371 505 437 570 aad
454 502 557 581 Weid,
584 501 675 570 Weid
694 491 759 568 aad
775 503 860 572 noan
871 505 936 590 ⁷2),
958 525 1054 590 grass
1075 505 1142 568 aad
1160 505 1256 582 leleeb,
1280 507 1361 570 idem

251 607 452 690 Quintilianus
475 607 618 691 praecipit
639 605 693 682 lX.
718 604 757 681 4,
780 605 835 671 24.
869 618 917 670 est
941 617 974 670 et
996 607 1077 670 alius
1101 604 1257 670 naturalis
1282 609 1363 672 ordo

250 722 287 776 nt
309 713 392 774 ciros
415 703 454 773 aa
469 707 631 792 feminas,
663 717 764 770 artum
782 717 820 770 et
840 729 980 771 occasum
1003 707 1090 772 dicos
1110 711 1235 794 potiar,
1266 731 1363 795 qaam

249 823 432 878 retrorsum.
478 811 575 894 Atque
597 809 653 872 hoc
675 809 761 886 modo
784 809 892 872 dieitur
913 805 997 900 οἷρχο)
1020 811 1078 876 καὶ
1098 811 1207 889 τέλος,
1239 809 1363 878 δοῦναι

249 917 306 982 acl
323 917 454 1002 λαβεῖν,
478 914 530 976 sed
548 933 605 974 nec
622 911 674 974 illa
692 911 900 994 improbantur,
915 911 1002 1000 γυνή
1020 911 1077 978 rai
1095 908 1182 998 cirria
1201 913 1359 977 Demosth.

249 1041 278 1103 p.
306 1015 401 1094 1017,
426 1015 478 1081 12.
517 1009 614 1099 κόραι
637 1013 693 1080 καὶ
715 1008 808 1098 κόροι
832 1013 930 1076 Strab.
954 1015 996 1076 X.
1020 1011 1095 1078 467.
1127 1015 1233 1078 Liban.
1257 1016 1292 1078 T.
1318 1015 1360 1078 11.

249 1119 325 1184 417.
348 1127 454 1182 noctes
477 1125 508 1179 et
529 1115 594 1178 dies
615 1136 647 1178 v.
672 1116 828 1178 Heindorf.
852 1115 889 1178 ad
911 1115 983 1178 Hor.
1010 1117 1072 1180 Sat.
1098 1116 1122 1179 l.
1148 1117 1179 1180 1.
1204 1115 1256 1180 76.
1282 1111 1365 1206 ἄχρι
1459 1159 1460 1166 1

251 1223 368 1296 re'loor
390 1215 455 1288 ἀπ’
476 1215 579 1306 α’ρχῆς
602 1217 680 1280 Plnt.
706 1219 741 1280 dc
762 1217 864 1280 Anim.
889 1216 991 1282 Proer.
1016 1219 1059 1281 X.
1083 1215 1157 1284 298.
1186 1239 1282 1302 neque
1306 1240 1364 1281 na.
1459 1249 1460 1274 1

252 1325 380 1389 turalcm
403 1323 512 1395 solum,
537 1321 589 1383 sed
611 1319 771 1403 positivum
794 1339 908 1403 quoque
932 1321 1066 1384 ordinem
1087 1321 1250 1405 permutari
1272 1322 1366 1384 docet
1459 1355 1460 1380 l

250 1427 421 1491 Priscianus
437 1421 535 1486 XVll.
555 1421 586 1482 1.
607 1443 636 1504 p.
654 1419 686 1484 9.
711 1419 780 1484 Νο0
801 1443 863 1484 aoa
887 1423 979 1484 etiam
1001 1420 1095 1486 dictio
1117 1433 1362 1498 transmutatur,
1459 1469 1460 1480 .

250 1539 288 1592 ut
303 1527 405 1613 plebis
427 1524 568 1588 tm'buaas
585 1544 646 1608 pro
670 1522 938 1608 tribunusplebis,
963 1534 995 1587 et
1009 1523 1138 1609 publiea
1155 1546 1206 1588 ree
1223 1546 1283 1609 pro
1305 1547 1364 1588 res

244 1630 394 1716 padlioo3
424 1627 580 1690 orationes
602 1645 734 1710 quoquc,
757 1635 795 1687 111
814 1627 948 1687 nutriuit
958 1625 1050 1709 filios
1072 1637 1104 1690 et
1118 1627 1255 1712 peperit,
1280 1629 1363 1710 quod

251 1743 298 1796 cst
316 1729 499 1794 homericum
519 1727 571 1790 Od.
590 1726 660 1788 Xll.
679 1725 751 1788 134.
776 1723 921 1812 tricator
942 1722 1009 1816 doc
1027 1728 1190 1817 θρέψασα
1212 1726 1362 1796 τεκοῦσά
1459 1757 1460 1792 i

249 1861 297 1914 ae,
319 1829 519 1896 aRbetoricis
537 1849 625 1912 saepe
644 1829 799 1914 hyperbati
818 1851 908 1893 eausa
927 1831 1097 1894 adnotatum
1117 1853 1150 1894 v.
1166 1831 1360 1894 Pboebamm.
1459 1837 1460 1846 ’

251 1935 303 1999 lV.
321 1933 395 1998 502.
414 1931 561 1996 Cocondr.
579 1931 649 1994 XV.
666 1929 740 1995 792.
758 1931 794 1993 Τ.
811 1931 888 1994 Vlll.
908 1933 947 1995 ei.
966 1933 1120 1997 Sobaeler.
1137 1933 1239 1998 Melet.
1256 1956 1285 2017 p.
1302 1933 1359 1997 16.

252 2035 442 2100 Consuetudo
465 2035 572 2110 evicit,
602 2033 777 2097 ut'e'rzdicta
798 2057 911 2113 causa,
934 2056 1025 2099 oersa
1046 2038 1129 2112 eice,
1154 2043 1360 2120 reciperata,
1459 2043 1460 2050 ’

251 2159 333 2226 aqam
351 2148 384 2201 et
400 2140 473 2223 igni
486 2136 672 2200 obtcrdieere
687 2136 732 2220 (v.
750 2136 858 2200 Struve
874 2139 909 2201 dc
924 2138 990 2202 Lat.
1006 2139 1082 2202 decl.
1100 2149 1131 2202 01
1146 2139 1225 2222 conj.
1243 2159 1272 2222 p.
1286 2137 1362 2223 32.)

251 2241 354 2305 eodem
377 2239 495 2324 semper
516 2241 620 2303 ordine
643 2240 881 2316 collocarentur,
912 2262 999 2324 quem
1022 2241 1169 2304 excedere
1192 2240 1264 2304 solis
1288 2261 1362 2324 poe⁴
1395 2253 1396 2260 ’

250 2344 289 2407 tis
313 2363 506 2418 concessum
530 2363 565 2405 ac
586 2341 698 2425 pariter
720 2341 781 2404 fixa
802 2341 944 2406 videntur
964 2342 1062 2407 Liber
1077 2353 1174 2426 pater
1195 2341 1361 2427 (11111010Ι
1459 2349 1460 2356 ’

249 2445 339 2531 piter,
361 2445 522 2529 Diespiter,
548 2445 599 2508 sed
618 2444 732 2508 Matuta
753 2455 902 2507 meteret
924 2447 1060 2529 contra),
1082 2454 1179 2529 pater
1194 2455 1360 2530 patratas,

244 2547 388 2635 praediolo
403 2546 637 2632 praedibusque
657 2547 774 2630 aliaque
794 2547 830 2610 ad
845 2546 894 2631 Aj.
914 2568 944 2630 p.
964 2545 1035 2610 138.
1064 2547 1212 2611 cumulata
1231 2557 1262 2610 et
1280 2569 1360 2630 quae

233 2655 235 2660 ’
245 2651 325 2736 juris
348 2649 478 2716 consulti
499 2649 688 2732 suppeditant
709 2659 865 2712 castrense
880 2649 1056 2732 peeab‘em,
1087 2651 1120 2712 in
1141 2669 1264 2712 monam
1286 2672 1360 2712 coro·

249 2755 364 2830 centio,
410 2751 494 2814 Ratio
517 2769 591 2820 veto
615 2751 734 2827 sanxit,
764 2761 797 2813 nt
818 2771 927 2812 nomen
949 2751 1071 2834 gravius
1093 2763 1292 2834 anteponatur
1315 2751 1360 2816 led

250 2855 348 2928 viori,
378 2863 573 2936 postponatur
594 2849 694 2916 autem
716 2853 880 2928 deliniens,
911 2854 987 2935 quod
1009 2854 1134 2933 dieitur,
1168 2853 1357 2932 definiend03

250 2957 303 3020 sed
325 2956 400 3018 baec
421 2955 498 3016 ratio
520 2955 688 3018 revincitur
709 2977 797 3038 saepe
816 2953 895 3029 aliis,
920 2975 995 3035 qnae
1016 2977 1056 3018 ex
1075 2957 1194 3039 propria
1212 2956 1359 3039 cujusque

133 3083 138 3090 ·
250 3057 309 3120 loci
331 3056 566 3120 conformatione
588 3059 719 3140 pendent
741 3078 837 3139 neque
860 3055 973 3139 regulis
996 3058 1101 3142 subjici
1123 3068 1258 3142 possunt.
1295 3056 1358 3120 Cu·

134 3213 136 3220 .
245 3161 297 3247 jus
319 3159 365 3222 rei
387 3180 479 3221 unum
502 3181 518 3222 e
540 3161 654 3237 multiS,
679 3169 947 3247 quae-suppetunt,
973 3160 1119 3243 exemplis
1142 3161 1277 3244 adjiciam
1300 3157 1358 3225 λό-

249 3287 295 3348 γῳ
322 3260 378 3326 καὶ
400 3265 481 3348 ἔργῳ
511 3261 542 3323 in
565 3261 603 3323 ll.
627 3263 682 3346 Ep.
707 3263 742 3324 ad
764 3261 899 3324 Thessal.
924 3259 962 3338 ll.
988 3260 1040 3323 17.
1073 3262 1121 3326 ubi
1143 3263 1175 3324 in
1197 3263 1299 3326 multis
1327 3275 1358 3326 01

250 3363 516 3444 luculentismodd.
542 3367 684 3448 scriptum
706 3367 787 3450 ἔργῳ
811 3365 868 3435 aab
886 3355 988 3450 λόγῳ,
1011 3375 1044 3426 ut
1065 3364 1238 3448 saepissime
1257 3364 1355 3442 Plato,

158 3543 160 3554 .
250 3478 282 3530 et
310 3460 389 3531 odae
416 3471 498 3553 ἔργῳ
525 3461 603 3532 odae
628 3458 711 3554 λόγῳ
743 3465 896 3529 Demostb.
924 3487 951 3528 o.
974 3465 1084 3530 Neaer.
1112 3461 1357 3551 1341801110

250 3591 307 3652 quo
329 3567 484 3632 Bekkerus
513 3590 530 3631 e
558 3569 692 3652 plurimis
724 3570 814 3633 edidit
840 3563 919 3634 odae
947 3559 1031 3654 λόγῳ
1060 3563 1138 3634 odae
1166 3573 1248 3656 ἔργῳ
1256 3620 1267 3649 ,
1301 3573 1360 3656 qai

250 3670 344 3746 ordo,
375 3681 412 3734 'ut
435 3670 612 3734 Sebaelerus
637 3671 698 3752 ait,
730 3674 763 3734 io
790 3671 839 3734 lor's
865 3670 1069 3733 locationibus
1095 3672 1256 3772 salmurum
1295 3672 1355 3736 Sed

249 3773 304 3834 vix
327 3772 384 3836 dici
405 3783 516 3856 potest,
539 3784 640 3836 utrum
662 3774 843 3849 solemnius3
874 3769 952 3838 odae
974 3776 1056 3859 ἔργῳ
1080 3768 1158 3838 οὔτε
1179 3768 1263 3862 λόγῳ
1283 3773 1354 3857 Ηίρ-

249 3896 329 3957 poor.
358 3875 394 3938 de
417 3874 540 3959 Septim.
571 3897 601 3958 p.
625 3863 698 3938 447.
737 3876 869 3962 Epidem.
896 3875 934 3939 V.
958 3873 1031 3940 552.
1065 3875 1100 3937 Τ.
1125 3875 1176 3938 111.
1211 3897 1250 3939 an
1274 3869 1355 3941 odae

248 4031 458 4042 -.-.——.—

317 4112 362 4178 72)
387 4113 479 4166 Graeci
497 4118 641 4183 prorniscue
660 4111 753 4170 aazia
769 4119 816 4170 rai
830 4117 948 4186 porcinse
971 4126 998 4168 et
1015 4119 1132 4186 poenicea
1149 4123 1193 4172 aot
1209 4112 1302 4172 acidos
1322 4131 1349 4167 v·
1459 4167 1460 4174 ,

247 4199 390 4251 blactzner.
404 4198 442 4252 ‘ad
459 4201 573 4270 Lycurg.
594 4219 620 4268 p.
640 4203 682 4255 75.
708 4202 821 4254 Sintenis
839 4205 871 4255 ad
888 4204 958 4254 Plnt.
978 4202 1102 4254 Themist.
1122 4201 1158 4254 X.
1178 4204 1221 4256 58.-
