2944 4888
351 374 411 438 nn
441 371 637 438 rnuncc.
668 371 867 440 sunnon.
897 375 925 458 s.
952 374 982 440 t.
1202 382 1226 446 ι

117 554 186 640 οης,
222 537 467 640 Πλησθινίδης
482 556 529 638 ¹),
560 553 613 618 sed
639 575 658 618 a
685 553 945 640 mecroperalectis
968 575 1043 639 quoe
1065 555 1223 640 ducantur,

115 655 329 742 diphthongum
355 651 732 742 recipite-Edonum,
755 651 951 742 Εὐκλείδης,
977 658 1106 723 exemtis
1129 661 1225 728 trihus
1318 645 1321 654 ¹

114 756 389 846 Θρασνμηδίδης,
398 757 574 846 Δικηρίδης
586 757 845 845 ιιΘονινδίδης.
858 759 916 823 Sed
930 759 984 824 hac
997 761 1124 826 formula
1134 784 1224 847 prave

114 862 337 946 permiscentur
358 861 563 947 patronymica
584 871 615 925 et
636 862 720 946 quasi
741 857 957 947 patronymica,
981 883 1106 944 quorum
1121 865 1225 932 distin·

113 964 169 1027 ctio
187 966 255 1048 jum
279 985 320 1026 ex
342 964 401 1040 his,
425 985 500 1046 quae
521 965 621 1039 attuli,
645 963 791 1047 exemplis
813 963 923 1038 elucet,
947 961 1091 1040 Πάλλας
1110 971 1225 1056 Μεγα-

110 1064 274 1152 μηδείδης
295 1065 327 1130 in
350 1067 387 1130 H.
408 1065 571 1142 homerico,
595 1077 626 1129 et
639 1065 854 1150 andronymioa
873 1063 1113 1154 Ἀγαμηδίδης,
1134 1071 1224 1156 Θρα-

111 1166 311 1254 συμηδίδης,
333 1189 389 1234 nec
412 1165 623 1254 Θουκυδίδης
644 1168 742 1232 solum
759 1167 879 1243 dicitur,
906 1170 958 1232 sed
981 1170 1070 1234 etiam
1092 1166 1225 1240 Ἐπικυ-

110 1269 204 1356 δίδης
225 1271 303 1354 apud
325 1271 526 1356 Thucydidem
558 1282 589 1336 et
609 1271 852 1355 Xenophontem,
884 1279 915 1334 ct
943 1283 1048 1336 contra
1070 1273 1225 1350 Γλαῦκος

107 1369 343 1458 Ἐπικυδείδης
364 1373 397 1436 in
418 1373 540 1440 oraculo
561 1373 738 1438 herodoteo.
782 1371 888 1456 Neque
918 1381 1039 1438 veteres
1061 1373 1117 1440 hoo
1138 1397 1223 1461 prae·
1347 1439 1349 1448 .

109 1477 233 1540 teriisse
257 1475 418 1538 discrimen
440 1495 482 1538 cx
502 1473 554 1538 illa
575 1475 746 1562 Etymologi
771 1473 972 1560 disputatione
998 1477 1132 1558 quamvis
1153 1499 1225 1563 per-

110 1579 202 1663 ptexa
228 1576 433 1662 cognoscitur.
483 1575 559 1641 Nam
587 1587 776 1662 posteaquam
805 1577 839 1640 in
860 1576 1005 1661 principio
1029 1577 1148 1644 dixerat
1169 1577 1224 1646 διιί

111 1681 175 1748 τοῦ
202 1664 231 1747 ἶ
254 1673 421 1770 γράφεται
453 1675 496 1745 coi
529 1674 598 1746 α’πὸ
626 1679 697 1746 coir
725 1683 773 1753 cis
801 1664 850 1758 οῖ’,
880 1677 1038 1766 Βηλίδηι,
1062 1679 1224 1770 Λαγίδης,

109 1783 212 1848 multis
242 1784 410 1869 interjectis
441 1781 544 1881 subdit
566 1779 679 1850 τύπον
705 1780 741 1848 δὲ
761 1787 1029 1873 πατρωνυμικοῠ
1051 1776 1135 1852 ὄντα
1159 1809 1224 1853 πα-

107 1879 310 1972 ρετάθησαν
339 1882 393 1952 διιί
422 1886 482 1971 τῆς
512 1911 550 1967 ει,
578 1882 792 1970 Λυσιθείδης,
814 1887 999 1976 Κηδιίδης,
1021 1883 1222 1974 Καλλείδης,

107 1985 333 2082 Ἀχιλλείδης,
361 1983 633 2077 Ἐχιφιιλλιίδης,
666 1988 946 2077 Σκυδρωπιίδης,
977 1989 1222 2080 Θαρῤιιλείδης,

106 2090 372 2178 Φιλομηλείδης,
404 2113 528 2175 quorum
563 2089 769 2173 exemplorum
805 2093 894 2158 tertio
925 2105 956 2159 et
984 2105 1089 2178 quarto
1116 2093 1223 2158 vitium

106 2194 254 2257 adhaeret
283 2194 315 2256 in
344 2213 487 2277 praesens
516 2192 702 2272 insanabile;
743 2195 882 2278 proxima
909 2207 981 2262 sunt
1013 2193 1223 2282 Λυσιθείδης

107 2295 267 2360 Demosth.
291 2293 459 2381 chsidqr
481 2306 512 2358 et
527 2292 752 2384 Θαῤῥιλείδης
767 2297 920 2382 Aristoph.
935 2299 972 2362 ah
986 2298 1090 2382 ignoto
1107 2309 1221 2362 utrum·

106 2421 166 2483 que
189 2408 304 2484 etymo.
333 2391 568 2487 Ἐχιφνλλίδης
596 2408 697 2462 tamen
723 2397 835 2482 legitur
864 2421 913 2484 ap.
945 2399 1046 2484 Steph.
1071 2421 1098 2465 s.
1126 2401 1220 2489 Σφα-

106 2499 242 2587 κτηρία,
274 2511 305 2564 et
327 2502 363 2564 ah
379 2501 453 2564 eliis
477 2501 574 2564 solum
605 2498 807 2586 Κνθνείδης
836 2501 987 2584 excipitur
1015 2523 1056 2566 cx
1084 2500 1151 2586 lege
1179 2493 1222 2570 τιί

107 2600 177 2670 cino*
206 2602 278 2668 τών
300 2607 347 2677 εἰς
373 2585 412 2677 ὦ
437 2602 491 2670 διιί
521 2603 584 2670 τοῦ
614 2587 705 2688 ἰδ-ης1
728 2601 930 2666 Choerohosc.
956 2601 1057 2665 Cram.
1081 2602 1119 2666 11.
1144 2601 1220 2670 235.

107 2705 297 2789 Moschopul.
326 2705 433 2768 Sched.
462 2727 492 2789 p.
525 2704 599 2768 171.
645 2703 758 2768 Zonar.
787 2703 866 2770 Lux.
896 2725 925 2788 p.
950 2699 1025 2768 902.
1055 2725 1221 2790 quanquam
1350 2729 1365 2742 ²

108 2806 138 2869 hi
167 2809 206 2870 de
232 2807 439 2893 patronymico
467 2807 548 2891 loqui
577 2807 739 2886 videntur,
776 2807 853 2892 qnod
881 2801 977 2890 genus
1008 2805 1221 2893 diphthongum

108 2909 236 2993 respuit,
268 2910 325 2973 etsi
339 2899 423 2974 'nou
443 2910 538 2974 solum
568 2908 601 2972 in
629 2909 713 2974 libris
743 2908 856 2972 nostris
882 2904 1079 2996 Ὁμηριίδης
1111 2909 1223 2976 etalio
1340 2943 1342 2952 ν

107 3012 180 3075 talia
202 3011 358 3095 leguntur,
388 3013 441 3076 sed
463 3011 552 3075 ctiam
574 3012 674 3099 Etym.
699 3011 742 3076 Μ.
768 3009 874 3074 falsum
896 3009 1016 3074 Pindari
1044 3011 1221 3096 scripturam

107 3107 342 3201 ’Jidqcocet'dqr
376 3113 548 3199 pleonasmo
582 3123 710 3178 excuset
737 3135 770 3178 u.
801 3111 947 3197 Aglaoph.
977 3135 1007 3197 p.
1034 3111 1106 3178 185.
1163 3113 1221 3178 Sed

106 3216 262 3300 proprium
293 3214 532 3304 Θιαγινιίδης,
560 3217 637 3302 quod
665 3215 721 3280 hnc
743 3215 810 3278 loco
832 3213 962 3298 protuli,
988 3215 1103 3280 rectius
1125 3218 1223 3282 luco·
1270 3261 1272 3266 -

106 3331 299 3404 ηραφιῑται,
331 3328 365 3381 ut
393 3314 620 3406 Ἁντιηενίδης
647 3317 726 3380 Plut.
756 3317 792 3380 de
814 3315 894 3378 Virt.
917 3314 1012 3380 Alex.
1040 3315 1078 3382 11.
1102 3317 1136 3392 2,
1166 3315 1220 3382 53.

107 3419 206 3486 inser.
231 3423 295 3484 Att.
319 3419 358 3483 N.
386 3419 458 3486 172.
486 3443 518 3484 v.
541 3421 594 3486 34.
618 3441 647 3504 p.
674 3416 750 3484 307.
792 3411 1000 3504 Ἐπιτελίδης
1020 3417 1060 3483 Ν.
1086 3417 1159 3482 171.
1188 3441 1219 3484 v.
1278 3413 1281 3422 ’

107 3520 163 3586 20.
196 3543 227 3606 p.
250 3519 325 3588 302.
366 3519 602 3609 Ἀντιμενίδης
632 3523 730 3586 Strub.
763 3518 848 3582 ΧΙΝ.
872 3517 948 3583 617.
992 3520 1081 3604 Diog.
1104 3519 1160 3583 La.
1181 3519 1219 3583 li.

106 3621 164 3686 46.
186 3619 392 3713 Εὐχαρίδης,
416 3623 656 3714 Πολιχαρίδης
678 3620 830 3704 Aristoph.
856 3631 888 3684 ct
916 3622 1105 3686 notissimum
1128 3622 1222 3686 omni·

107 3745 158 3787 um
190 3721 430 3813 Ἐπιμενίδης,
460 3729 537 3811 quod
566 3727 662 3812 ipsmn
690 3735 792 3789 tumen
819 3719 1055 3809 Ἐπιμενείδης
1082 3723 1223 3790 scribitur

109 3827 141 3890 in
178 3827 276 3893 Inscr.
309 3828 373 3892 Au.
411 3827 450 3892 N.
475 3827 550 3894 302.
589 3851 618 3912 p.
642 3824 718 3892 404.
758 3821 1035 3912 Ἱπποκρατιίδης
1077 3825 1117 3891 Ν.
1143 3824 1219 3893 285.

107 3950 140 3993 v.
172 3929 206 3997 2.
231 3953 261 4016 p.
290 3927 365 3994 305.
386 3941 418 3994 et
441 3931 517 4015 apud
539 3927 767 4014 Aristophanem
792 3925 871 3992 Ach.
900 3923 976 3992 220.
1005 3925 1223 4016 Λιιιιριιτίδης

108 4040 320 4055 *un—-

179 4084 206 4148 1)
224 4081 412 4150 Πλησιονιίκι
428 4085 525 4150 legitur
539 4083 660 4149 inlusor.
675 4079 708 4134 N.
725 4079 801 4134 1506.
822 4081 867 4132 sed
885 4081 929 4133 ille
946 4078 1142 4151 Πίειιθινίδηι
1158 4083 1221 4136 scri-

105 4171 158 4236 psit
171 4177 201 4222 nt
213 4169 392 4222 Stesichorus.
410 4166 561 4236 cereptum
577 4167 614 4235 (et
625 4163 788 4236 Λευτυχίδην
804 4165 913 4233 Herod.)
928 4167 1077 4234 umhiquum
1093 4176 1144 4230 est,
1160 4169 1220 4237 qnia

105 4271 152 4309 non
170 4244 296 4324 Βδτίηηι
313 4255 395 4308 solnm
413 4253 574 4308 dicitursed
591 4261 619 4308 et
634 4245 765 4321 Βίιιηοι,
781 4246 934 4322 'conopon
1061 4263 1064 4272 ’
