2944 4888
272 317 322 388 no
507 363 510 372 .
637 309 957 384 mssnrtrnrro
981 301 1010 384 ῑι.

273 491 468 588 ὀφθαλμῶν
488 494 631 562 lderodo
642 494 681 562 V.
707 495 761 561 18
789 494 843 561 sed
864 493 981 584 dodoi
981 496 1111 588 ,ιιαλγία
1137 522 1198 566 non
1224 501 1315 580 item,
1344 512 1381 568 ut

273 597 497 702 neapoleo-ipio,
522 597 691 688 modoiyio
715 611 774 663 eto.
820 599 873 664 His
898 619 959 663 non
985 601 1079 666 multo
1102 603 1219 668 leniora
1240 605 1382 668 videntur

273 691 512 828 ἐψιιιγέακρννο
536 701 645 788 Odyss.
669 701 747 765 ΧΧ.
768 700 800 764 7.
830 686 1053 791 ἑῶροσιρόψος
1073 706 1201 772 Tlteoer.
1230 719 1262 772 et
1284 708 1382 772 divisa

117 881 120 900 1
273 803 353 881 ῶςτ’
379 803 451 872 ἐστὶ
478 804 568 888 Soph.
592 803 667 868 Oed
690 803 726 867 C.
751 801 826 868 573.
857 799 937 878 odota
964 811 1048 874 ἔστα
1079 808 1155 873 Plat.
1179 810 1273 894 legg.
1297 809 1378 874 Vlll.

176 945 179 951 ·
273 893 350 974 884.
375 907 424 972 1).
438 907 521 971 Stoh.
542 907 623 970 Flor.
644 905 803 970 LXXXV.
828 906 881 972 19.
904 929 934 992 p.
956 907 1033 986 487,
1050 909 1106 977 21.
1130 913 1183 977 sed
1205 923 1311 977 eontra
1331 932 1382 976 oa·
1433 970 1437 980 .

167 1020 174 1030 “
274 1031 386 1076 nonem
405 1031 470 1075 non
491 1018 626 1094 peeoant.
671 1007 760 1074 Nono
779 1009 901 1078 voeales
924 1012 1087 1078 ordiemur.

784 1200 814 1281 §-
840 1197 873 1264 a.

276 1361 279 1370 .
340 1317 441 1384 Sohol.
452 1317 530 1382 Ven.
545 1317 579 1380 ll.
594 1315 691 1379 XVll.
712 1313 787 1380 755.
807 1317 931 1405 ψαρῶν
947 1315 1002 1386 dot
1019 1319 1084 1407 τήν
1099 1317 1292 1410 εὐφωνίαν·
1314 1329 1386 1394 ἐκεῖ

274 1423 311 1492 δὲ
338 1421 436 1509 (XVl.
464 1419 555 1504 583.)
582 1419 783 1492 totototo
809 1416 951 1506 ψῆράς
976 1447 1038 1499 τι,
1075 1445 1149 1508 quae
1177 1427 1288 1504 verda,
1322 1429 1385 1494 nisi

274 1528 348 1600 ordo
368 1525 558 1609 perturbatus
581 1531 643 1600 est,
666 1520 723 1583 hoo
744 1521 932 1605 significant,
958 1526 1106 1610 propriam
1129 1528 1180 1592 vel
1201 1528 1386 1595 homericam

275 1629 405 1692 nominis
421 1627 551 1688 domnam
574 1641 641 1686 eoae
657 1622 798 1709 ψηρῶν,
821 1626 898 1708 quod
919 1647 1049 1711 sequens
1070 1629 1198 1710 Quintus
1216 1631 1281 1696 Cal.
1300 1633 1383 1698 Vlll.

275 1729 350 1795 387.
377 1729 485 1813 ψῇρες
506 1725 627 1826 scripsit
653 1735 685 1788 et
704 1723 761 1788 Xl.
784 1724 861 1792 218.
884 1723 1020 1814 ψήρεσι.
1066 1731 1124 1796 Sed
1146 1733 1211 1818 quis
1234 1734 1291 1798 lroe
1310 1751 1387 1824 ψη-

171 1887 197 1902 -.
275 1833 344 1922 ρῶν
365 1829 521 1894 insuavius
537 1847 611 1890 esse
634 1829 737 1890 erodat
763 1849 849 1911 quam
874 1831 1013 1915 θηρῶν,
1043 1855 1100 1917 quo
1125 1847 1212 1920 poeta
1235 1838 1299 1920 ipse
1323 1841 1385 1904 uti·

184 1945 189 1952 ¹
274 1948 337 2012 tur,
361 1943 393 1998 et
413 1930 543 2018 πηρῶν,
565 1929 697 2016 μηρῶν,
719 1931 825 2013 quidus
845 1932 897 1996 alii
918 1934 1061 2018 plurimi?
1087 1937 1133 2000 Ad
1154 1939 1285 2022 priorem
1307 1963 1385 2006 voro

274 2039 373 2103 looum
400 2037 456 2100 hoo
483 2033 655 2097 adnotatum
684 2043 747 2096 est:
787 2033 902 2120 ψῆρας
928 2035 982 2103 διαὶ
1008 2034 1047 2103 ud
1072 2032 1275 2127 κακῶψωνον
1301 2041 1386 2120 τούς

273 2139 407 2230 ψᾶρας·
448 2142 515 2203 ἐκεῖ
539 2131 622 2202 dd‘
597 2159 641 2209 ως
661 2133 700 2201 τὸ
721 2137 889 2224 ψαρῶν·
928 2135 1031 2222 αὖμιν
1054 2142 1127 2227 (sio)
1152 2137 1278 2236 ξηρῶνῃ
1303 2145 1386 2216 οὐδὲ

245 2268 246 2274 “
273 2238 391 2331 deppae
380 2265 437 2331 νη
457 2237 577 2327 φησίν·
601 2239 712 2303 vitiose
730 2241 847 2322 quidem
869 2243 1012 2326 seriptum
1033 2265 1087 2366 pro
1109 2248 1176 2312 ἐκεῖ
1186 2245 1228 2313 dt
1246 2251 1387 2335 ψαρῶν,

276 2341 437 2432 ωςαΓψ
458 2333 695 2431 α’γξηρῶνη,
718 2337 880 2416 edundi
865 2339 1121 2437 ἐρ’θερμννῃ,
1150 2350 1202 2412 sed
1224 2353 1389 2419 manifesto

275 2460 377 2544 tamen
395 2445 564 2511 sententia.
589 2441 662 2534 ψῶρ
684 2455 715 2508 et
732 2445 1015 2533 ψαρεςΑιιῑῐρΙιιιιι.
1030 2450 1142 2514 Athen.
1157 2450 1195 2514 ll.
1212 2450 1265 2516 65.
1281 2453 1318 2518 Ε.
1336 2458 1389 2542 ¹³)

275 2552 413 2618 nativum
435 2569 515 2627 esse,
539 2549 591 2612 sed
613 2569 666 2631 pro
683 2548 799 2634 ψῶρας
818 2549 875 2613 diei
894 2550 1017 2637 ψῆρας,
1040 2573 1078 2616 ne
1097 2554 1155 2617 duo
1173 2553 1311 2640 deinceps
1328 2579 1389 2624 au·

275 2654 396 2718 diantur
421 2650 526 2734 alpha,
557 2651 636 2714 sieut
662 2647 788 2740 ξηρήνῃ
814 2664 936 2737 propter
961 2654 1072 2739 triplex
1092 2679 1115 2742 η
1140 2665 1284 2720 mutatum
1313 2679 1387 2725 esse

274 2759 308 2822 in
329 2745 467 2842 ξηρῶνῃ.
511 2752 564 2815 llis
585 2752 700 2835 laqueis
722 2754 828 2817 callide
850 2776 883 2820 se
905 2757 1059 2840 expedivit
1080 2758 1195 2824 Gellius
1215 2757 1300 2823 Xlll.
1323 2760 1386 2828 21.

275 2857 438 2923 Homerum
459 2854 612 2918 affirmans
639 2864 672 2918 et
695 2875 784 2938 quum
806 2857 921 2944 ψῆρας
941 2858 1055 2924 dieeret
1082 2871 1112 2924 et
1136 2881 1226 2944 quum
1247 2863 1388 2948 ψαρῶν,

136 2975 144 2988 ‘“
275 2969 434 3046 sequutum
457 2977 603 3020 essenon
622 2977 809 3020 oommuuem
831 2959 884 3021 sed
901 2959 1048 3042 propriam
1070 2963 1102 3024 in
1120 2983 1295 3045 quoeunque
1314 2964 1389 3032 loeo

189 3042 205 3086 s
273 3061 360 3128 voois
378 3059 614 3145 jucunditatem
652 3079 721 3122 nam
742 3069 843 3122 utrum
864 3072 1009 3126 mutatum
1030 3062 1089 3138 sit,
1118 3063 1151 3125 in
1172 3063 1309 3148 ambiguo
1333 3089 1389 3140 rof

275 3162 403 3248 linquit,
433 3161 485 3226 sed
507 3161 624 3226 nesoire
647 3181 686 3226 ue
707 3161 864 3238 videatur,
890 3171 1105 3228 asseveranter
1125 3164 1220 3228 addit:
1253 3169 1286 3230 si
1304 3169 1389 3235 olte-

149 3317 154 3337 J
275 3287 345 3330 taam
367 3267 400 3330 ιἰι
421 3265 553 3328 alteriue
573 3265 639 3328 loeo
655 3285 773 3349 pomos,
797 3275 961 3351 utrumque
973 3264 1099 3348 foeneris
1116 3269 1221 3330 sonitu
1240 3270 1386 3339 laetave.

276 3368 321 3433 Ae
343 3368 380 3432 de
402 3367 517 3452 graeeis
540 3387 655 3452 quoque
676 3367 798 3430 Homeri
819 3368 1045 3452 interpretibus,
1068 3369 1118 3452 qui
1139 3371 1254 3456 ψῶρας
1275 3371 1383 3458 Epigr.

277 3471 388 3554 Adesp.
414 3467 600 3533 CCCCXVl.
637 3467 744 3533 Galen.
770 3471 806 3533 de
828 3469 899 3534 Fao.
929 3471 1032 3554 Simpl.
1064 3472 1141 3535 Med.
1166 3471 1218 3535 lll.
1241 3471 1280 3550 6,
1301 3473 1385 3541 551.

181 3637 184 3646 ,
276 3573 316 3638 Τ.
331 3570 389 3636 Xl.
412 3570 529 3636 Aelian.
550 3569 587 3633 ll.
604 3571 685 3635 Anu.
702 3571 786 3635 XVl.
808 3571 839 3636 3.
865 3573 928 3654 (ubi
948 3573 1101 3638 Jaoohsius
1122 3565 1257 3661 ψῶρονς
1278 3575 1386 3663 edidit)

277 3675 401 3761 perinde
428 3682 463 3738 ut
483 3671 604 3760 Κᾶρας
632 3685 663 3737 et
689 3675 837 3760 legissent
857 3675 1029 3759 saepissime
1057 3685 1089 3740 et
1112 3677 1168 3760 ipsi
1190 3677 1233 3740 ita
1254 3678 1388 3762 appella·

277 3785 361 3852 rent,
384 3775 492 3838 mirum
510 3786 569 3852 est,
588 3775 666 3840 unde
684 3776 766 3842 illam
786 3777 938 3843 traxerint
954 3777 1164 3862 suspioionem,
1188 3799 1277 3861 quum
1294 3801 1387 3866 prae-

279 3876 385 3944 sertim
418 3887 506 3962 poeta
532 3879 636 3943 urbem
664 3871 779 3964 Φηρήν
805 3879 933 3964 appellet
961 3876 997 3941 ll.
1026 3878 1065 3942 V.
1093 3878 1167 3944 543.
1203 3901 1290 3964 quam
1317 3882 1386 3968 ipse

279 3979 351 4044 alibi
371 3973 483 4066 Φηράς
503 3991 609 4058 voeat,
632 3979 796 4046 Dorienses
817 3991 917 4045 autem
942 3973 1069 4071 donoalo.
1104 3979 1253 4068 lidemque
1274 3975 1385 4072 θήρα,

352 4202 397 4272 ld)
413 4199 535 4257 Veterem
551 4205 667 4258 meudmn
683 4201 769 4274 ψῶριι
786 4203 1042 4278 Schweighaeuoorus
1060 4205 1139 4260 levet.
