2926 4886
241 291 322 380 ror·
603 299 924 374 nrssnarnrto
953 280 1001 374 ιι.’
1059 385 1062 390 Γ

240 489 378 580 λέσχην,
399 485 427 552 si
446 483 643 574 praesertim,
666 495 701 550 ut
722 483 926 572 Goettlingius
946 485 1129 573 suspicatur,
1153 505 1208 578 pro
1229 476 1364 576 αολλής

240 593 335 670 valet,
358 609 456 676 neque
468 586 625 682 puplicari
645 607 734 672 posse
754 588 887 652 arbitror
908 589 968 653 nisi
988 601 1124 656 sumatur
1140 589 1291 675 posterius
1313 612 1362 658 ex

239 689 349 784 αἀγής
373 685 531 780 (ἅκαγής)
554 699 755 768 contractum,
777 689 860 774 prius
882 713 937 777 pro
958 685 1066 780 odys'c
1087 694 1138 760 vel
1158 687 1297 781 αὐγὲτα,
1321 706 1364 760 ιιι

238 793 343 889 ἠχέτα
363 784 531 882 πορθμόν
553 792 645 878 Orph.
669 793 745 878 Arg.
771 790 866 858 1248.
891 792 1081 880 (125611.)
1106 795 1262 879 scriptum.
1305 796 1364 862 Ex

240 899 353 988 ignotis
374 898 508 964 lontibus
527 895 697 982 Hesychius
719 896 820 960 hausit
835 889 956 984 Ἀρκής
976 895 1080 988 ταχύς
1101 911 1134 964 ct
1150 894 1276 985 Ἀρκῶς
1298 893 1363 986 α’ρ·

239 1003 355 1083 κακῶς,
376 1001 430 1065 sed
451 999 508 1064 hoc
529 1009 620 1064 extra
641 1000 777 1064 ordinem
798 1010 870 1064 ante
891 991 997 1087 αρκόα
1018 1002 1062 1066 sic
1083 1012 1118 1066 ut
1138 996 1263 1091 α’ρκίως
1279 1003 1362 1066 scri-

239 1107 337 1194 psisse
357 1104 512 1178 videatur,
543 1100 617 1166 illud
643 1103 772 1166 fortasse
798 1123 840 1166 ex
862 1102 1054 1187 Euphorione
1076 1104 1180 1170 sliove
1207 1105 1364 1170 sermonis

240 1221 407 1294 mangone,
439 1203 489 1290 qui
511 1223 601 1288 quum
622 1200 796 1292 ποδαρκής
819 1203 909 1270 nimis
931 1205 1036 1270 tritum
1057 1206 1192 1284 videret,
1223 1208 1364 1276 novandi

241 1331 332 1378 causa
352 1304 460 1382 πόδας
482 1299 587 1394 ιῖρκής
608 1307 774 1380 substituit.
813 1305 895 1372 ldcm
913 1305 1042 1398 Αὐχέες
1064 1301 1270 1398 αὐχῶμεκοι,
1290 1331 1364 1376 mu·

240 1413 360 1482 tilatum
381 1413 511 1477 domasse
533 1419 568 1474 ut
581 1409 693 1474 multa.
739 1408 849 1474 Latino
872 1419 966 1475 antae
992 1411 1108 1476 nullum
1131 1423 1179 1477 est
1205 1414 1283 1498 quod
1305 1433 1362 1480 rc·

240 1517 385 1602 spondeat
401 1533 543 1599 graecum
560 1533 682 1588 nonen,
703 1511 762 1576 nisi
778 1533 819 1576 ex
836 1512 969 1596 genitivo
985 1511 1055 1580 coir
1070 1512 1235 1582 decredere
1251 1515 1360 1580 Schol.

240 1619 328 1706 Hipp.
354 1613 391 1682 T.
416 1613 440 1678 l.
464 1611 520 1682 23.
549 1614 661 1698 aliquid
684 1613 785 1700 colligi
809 1625 919 1699 potest.
965 1614 1000 1678 ln
1023 1615 1135 1703 Gecpp.
1160 1617 1273 1684 XVlll.
1299 1617 1359 1696 17,
1420 1687 1422 1696 ¹

240 1721 274 1787 4.
309 1717 372 1788 dciv
400 1716 438 1785 dd
465 1719 501 1784 ἐκ
532 1716 762 1807 βλαβεσκέρας
792 1715 905 1804 repende
936 1713 1089 1812 διοιὸήσῃ
1119 1716 1185 1807 κήκ
1210 1718 1361 1802 κοιλίαν,

241 1823 320 1910 qnod
346 1821 497 1906 interpres
525 1819 624 1885 reddit
651 1841 695 1884 αα
720 1822 898 1886 recentiori
914 1819 1051 1907 pabulo,
1090 1824 1281 1890 scribendum
1308 1833 1362 1888 est

126 1947 131 1959 ¹
169 1907 172 1922 ’
239 1923 527 2016 βλαδαρεσκέρας,
549 1933 585 1987 ιιι
605 1921 636 1985 in
661 1919 771 1988 Galcni
792 1922 948 1989 Glossario
969 1947 1024 2012 pro
1045 1923 1221 2014 Βλαβεραί
1240 1924 1360 2015 droul,

239 2022 404 2119 pudicitiam
434 2033 518 2092 recte
549 2023 726 2090 emendatur
755 2023 943 2114 βλαὸαραί,
987 2029 1065 2112 quod
1095 2041 1254 2114 cognatum
1286 2051 1360 2098 cnm

239 2123 417 2220 πλαδαρὸκ
440 2128 471 2192 id
493 2138 540 2194 est
560 2125 705 2218 χαῦνον,
727 2123 892 2210 ἀσθενές,
914 2122 1036 2218 ὑγρόν,
1067 2141 1099 2195 et
1121 2153 1189 2196 cum
1210 2133 1361 2220 Hesychii

241 2233 350 2320 glossis
372 2230 517 2306 Rhodes
536 2223 720 2312 adducor,
744 2227 881 2299 Blcddr
903 2224 1030 2319 ἄωρον.
1073 2233 1154 2298 ldem
1176 2235 1263 2300 nohis
1284 2257 1361 2322 sug-

241 2336 322 2422 gerit
348 2338 492 2422 Δρακιῑς
520 2327 707 2422 δραστὶκοὶ,
739 2329 828 2402 ὅθεν
847 2333 912 2404 ’καὶ
940 2330 1115 2426 ἅὸρακεῖς,
1152 2339 1237 2424 cujus
1264 2360 1361 2404 causa
1430 2398 1433 2404 ,

240 2441 370 2504 fortasse
396 2437 471 2510 illud
498 2436 603 2502 ictum
628 2445 677 2500 est
697 2435 777 2502 siout
797 2433 895 2524 oldris
916 2439 953 2502 ad
976 2439 1185 2524 explicandum
1212 2436 1361 2528 ἀναιδής

240 2541 344 2629 Etym.
362 2540 405 2606 Μ.
427 2536 576 2615 101,13.
599 2537 751 2624 multaque
773 2539 883 2606 similia
903 2541 936 2606 ic
956 2553 1023 2608 arte
1044 2555 1208 2628 ponuntur.
1250 2544 1359 2610 Paullo
1432 2535 1438 2552 '

240 2655 312 2710 ante
339 2644 407 2708 loco
434 2640 536 2706 aliano
563 2639 646 2726 (post
672 2637 778 2726 Διίξα)
807 2647 894 2711 Δαεῑ
917 2637 1026 2732 κόσῳ,
1056 2649 1246 2735 ἐπικρατεῖ·
1283 2669 1359 2712 αοιι-

101 2795 104 2804 .
237 2749 378 2834 junctum
398 2743 528 2808 fortasse
551 2764 619 2808 cum
639 2739 715 2819 Aulo
734 2746 891 2834 μακρῶς,
915 2744 1028 2816 πολύν
1048 2743 1189 2844 potirer,
1217 2749 1358 2835 idemque

241 2849 416 2934 significans
435 2865 503 2910 cum
520 2838 657 2933 δηκαιός
671 2849 729 2931 ¹⁴).
755 2849 856 2936 Etym.
872 2851 915 2915 M.
934 2849 1039 2926 darnole
1055 2852 1252 2942 περιφανές,
1269 2853 1359 2940 λαμ-

240 2941 343 3038 πρόν,
364 2945 504 3035 ὅμοιον·
534 2941 702 3038 γράφεται
723 2950 760 3018 dt
780 2953 837 3020 eat
857 2951 988 3035 dacus'r,
1019 2975 1077 3040 quo
1098 2955 1130 3020 in
1152 2955 1359 3040 explicatione

241 3051 387 3118 homerici
409 3047 546 3127 αδαικές
568 3064 600 3118 et
619 3053 829 3122 πολκὸεακέα
851 3052 972 3144 φωνήν
993 3057 1041 3122 usi
1059 3057 1211 3122 videntur.
1242 3053 1359 3147 Ἐρευ-

240 3149 312 3242 θής
333 3154 445 3240 legitur
465 3156 542 3240 apud
563 3157 688 3222 Aratum
711 3169 743 3223 ct
765 3157 927 3243 Oppianum
950 3159 1029 3246 Cyn.
1048 3159 1100 3224 lll.
1125 3157 1179 3226 91.
1219 3159 1358 3246 longius

241 3278 261 3322 a
287 3257 374 3329 verhi
400 3255 596 3324 similitudino
622 3260 785 3326 deflectunt
810 3282 886 3345 quae
913 3261 1082 3350 Hesychius
1109 3263 1225 3348 prolert
1249 3259 1358 3332 Ὴκὲα

241 3356 318 3436 ὀξέα
339 3369 371 3424 ct
390 3354 490 3434 Ἠκές
512 3353 586 3438 ὀξύ,
609 3374 644 3427 ut
664 3374 696 3428 et
714 3355 854 3452 ἤκεκής,
876 3386 934 3452 quo
956 3365 1106 3430 Maximus
1128 3365 1225 3430 utitur
1245 3387 1277 3431 v.
1296 3366 1354 3433 64.

240 3472 406 3548 praeeunte
427 3461 608 3550 Empedoclc
636 3487 668 3531 v.
691 3466 801 3532 Lehrs.
824 3467 847 3532 l.
872 3489 900 3532 c.
924 3489 955 3554 p.
978 3467 1032 3533 35.
1061 3459 1212 3556 Ἠρεαής
1237 3470 1271 3534 in
1295 3491 1356 3535 usn

241 3565 336 3631 fuisse
367 3585 409 3630 ex
439 3565 642 3650 comparativo
672 3565 895 3660 ἠρεμέστεροι·
925 3571 1035 3636 vitiose
1068 3571 1184 3655 colligit
1213 3571 1356 3640 Sturziur

242 3667 352 3753 Opusc.
376 3689 406 3754 p.
429 3666 506 3735 236.
533 3671 612 3756 quod
632 3671 660 3738 si
681 3675 801 3758 prohari
821 3684 940 3760 posset,
970 3685 1072 3740 minen
1094 3695 1156 3758 ιιριι
1178 3676 1273 3761 magis
1296 3675 1356 3742 huc

241 3771 353 3836 rclcrri
374 3781 530 3856 oporteret
552 3793 639 3858 quam
662 3769 791 3864 σαφής,
819 3769 986 3865 α’ρτεμής,
1014 3770 1162 3867 καναχῆς
1189 3778 1284 3843 semel
1310 3779 1357 3844 lc-

242 3882 337 3952 ctnm‚
360 3884 393 3939 at
413 3865 575 3964 λιπαρής,
596 3897 615 3940 a
636 3879 743 3962 quihus
764 3881 857 3946 verha
878 3891 1056 3958 nascuntur,
1078 3880 1144 3966 ipsa
1164 3889 1265 3946 antem
1284 3901 1355 3946 ver·

311 4113 357 4182 tt)
381 4113 454 4182 Quot
472 4117 592 4186 sequitur
608 4111 878 4193 Acc'r'rroloppdvrcr
900 4130 947 4175 cut
967 4139 1013 4191 pro
1030 4117 1115 4190 δαρόν
1132 4129 1283 4190 corruptum
1306 4128 1355 4173 ιιιιι

240 4198 321 4270 1116111
338 4201 499 4269 primitivum
515 4213 572 4268 0⁸23
599 4219 646 4274 pro
662 4201 781 4276 Διανδῆς
798 4201 972 4279 πολυχρόνιοι
987 4207 1099 4262 fortasse
1120 4203 1217 4280 αἶανὴς
1235 4209 1350 4278 scripsit.
