2852 4886
261 362 332 430 tte
489 413 492 420 .
587 369 592 377 ’
624 359 946 430 ΒΙΕΒΕΒΤΑΤᾏΙΟ
963 361 1034 428 ul.

261 541 463 627 interpositis,
490 551 528 606 ut
545 541 579 606 iu
600 539 750 606 Ammonii
771 539 851 617 loeo,
876 541 1013 606 terminis
1034 505 1152 623 mediis,
1175 562 1246 628 quos
1265 544 1350 610 lli'ole'·
1399 589 1400 594 ι

264 645 336 712 ctici
365 653 487 710 vocant.
540 643 684 728 Equidem
714 642 915 708 Herodianum
942 643 1032 708 illum
1058 645 1108 708 sio
1133 657 1350 730 argumentatum
1399 697 1400 732 3

262 769 329 814 esse
351 747 499 820 arbitror,
523 739 708 832 φιλοπότης
733 740 878 819 ιπότος
904 748 1098 831 compositum
1120 747 1284 832 significem
1302 749 1351 817 adv
1399 745 1400 780 λ

263 845 454 938 φιλόποτοιι
468 857 501 912 ut
521 845 740 972 βφοιχιιπότης
762 847 871 912 dicitur
891 867 926 912 ac
951 843 1176 940 βριχιλποτος,
1198 849 1320 918 sodi
1270 854 1351 968 φιλο.

261 949 381 1039 πῶτηι
407 952 556 1017 nominari
578 971 646 1015 eum
668 949 705 1024 ὃς
727 951 825 1036 φιλεῖ
850 944 963 1038 malope
993 952 1106 1034 εἶναι,
1137 974 1173 1017 ac
1200 955 1295 1018 neoda
1321 977 1351 1018 aa
1399 931 1400 1026 l

261 1073 315 1140 pro
337 1055 392 1120 hoc
412 1050 528 1141 malope
553 1075 642 1140 quum
665 1059 774 1118 testem
797 1053 891 1118 citare
913 1075 974 1120 non
996 1067 1116 1139 posset,
1140 1057 1299 1140 analogiam
1313 1067 1351 1119 at-

170 1143 174 1154 ’
261 1157 366 1222 tulerit
387 1157 552 1242 speciosam
574 1157 669 1241 magis
692 1176 778 1240 qnam
800 1161 905 1220 veiam
918 1157 1048 1222 nominis
1062 1159 1146 1223 attici
1161 1158 1274 1245 πώμοι,
1304 1157 1351 1221 Ne·

262 1281 319 1344 qne
342 1261 537 1344 negaverim,
568 1258 790 1322 distinctionem
819 1259 901 1322 illam
930 1258 1088 1343 aliqnando
1125 1263 1351 1347 peropportunam

261 1383 340 1438 asse,
364 1383 433 1426 nam
455 1384 518 1428 uon
540 1383 645 1427 omnes
668 1360 719 1448 qui
740 1351 858 1434 πόιοις
879 1359 1091 1440 oblectantur,
1114 1373 1266 1449 potatores
1284 1371 1349 1438 sunl,

260 1486 296 1528 ae
319 1461 504 1552 φιλοπότης
529 1469 605 1551 apud
627 1465 856 1551 Aristophanem
877 1485 1001 1548 prorsus
1030 1487 1096 1530 eam
1125 1466 1349 1551 significationem

261 1566 361 1642 babet,
387 1589 473 1652 quam
495 1568 565 1633 buio
587 1571 701 1633 formae
723 1567 858 1652 assignat
880 1567 1119 1644 Grammaticus,
1143 1570 1198 1633 scd
1219 1579 1252 1632 ut
1272 1569 1348 1685 φιλο·

196 1699 198 1704 ·
259 1665 373 1755 πιότης
393 1671 497 1734 eodem
519 1671 677 1736 intellectu
708 1671 767 1736 dici
794 1691 856 1734 non
878 1671 990 1754 possit,
1024 1675 1215 1758 nequaquam
1242 1672 1302 1735 veri
1319 1672 1348 1732 si·

260 1772 330 1834 mile
352 1775 508 1855 totumquo
531 1773 690 1837 discrimen
720 1795 782 1840 non
810 1771 1040 1856 significationis
1069 1773 1126 1838 sed
1155 1774 1267 1880 formae
1284 1791 1346 1846 esse,

261 1875 416 1958 superiora
437 1875 579 1972 exempla
599 1875 791 1940 manifestum
812 1875 937 1941 faciunt.

759 2049 787 2137 ἓ·
813 2047 895 2122 ta.

346 2167 391 2232 De
412 2165 694 2243 terminationibus,
731 2187 803 2252 quas
837 2167 871 2232 in
900 2164 956 2230 bac
982 2165 1198 2234 dissertatione
1230 2165 1344 2243 tractui,

261 2269 385 2334 subinde
406 2269 449 2334 ita
471 2285 537 2333 snm
559 2269 699 2353 loquutus
725 2291 761 2334 ac
782 2269 809 2334 si
829 2290 848 2332 a
868 2269 965 2354 prima
992 2279 1025 2332 et
1044 2269 1280 2355 tertie'porfecti
1297 2279 1346 2353 pas·

258 2371 316 2438 sivi
344 2393 474 2458 persona
501 2371 653 2438 derivatas
683 2381 772 2455 atque
801 2391 963 2456 expressas
995 2383 1145 2456 putarem.
1193 2373 1278 2456 ldquo
1301 2367 1344 2432 leti

258 2475 398 2559 exemplo
421 2485 559 2538 veterum
582 2476 749 2550 doctorum,
773 2474 934 2558 quiquam
957 2477 1079 2542 nomina
1101 2475 1236 2541 verbalia
1256 2470 1344 2550 ordiaris

257 2588 289 2643 et
309 2577 512 2662 dispositionis
535 2597 625 2644 causa
645 2577 808 2640 secuudum
830 2577 915 2642 verbi
936 2565 1030 2662 ipsius
1065 2577 1167 2644 flexus
1193 2577 1344 2642 distribuero

257 2680 473 2754 instituissent,
496 2679 572 2742 nibil
593 2690 653 2742 tam
668 2689 903 2758 consentaneum
918 2691 996 2756 erat,
1020 2701 1106 2764 quam
1132 2692 1167 2746 ut
1187 2675 1343 2762 unumquod-

257 2804 314 2868 que
336 2772 447 2848 nom'en
472 2781 500 2845 ei
522 2781 705 2867 subjicerent
726 2781 871 2865 tempori,
903 2783 988 2866 cujus
1015 2783 1052 2846 ad
1073 2783 1291 2850 simulitudinem
1309 2799 1343 2842 ac

259 2884 380 2948 cederet
400 2884 605 2968 proxime⁶⁶).
649 2883 754 2968 Neque
783 2895 883 2948 mmor
911 2882 981 2951 buia
1008 2886 1135 2970 regulae
1162 2883 1343 2970 superstitiose

256 2985 416 3050 inhaerent
436 2988 489 3052 sed
511 2987 606 3052 libem
628 2999 661 3052 et
685 2987 825 3070 expedito
848 3005 968 3070 gressu,
996 3005 1176 3072 quocunqne
1197 3008 1245 3051 res
1266 2995 1293 3050 et
1308 3002 1343 3046 ra·

256 3089 299 3152 tio
323 3098 431 3167 vocat,
454 3091 626 3154 devertunt.
685 3089 788 3154 Schol.
810 3087 848 3155 ll.
880 3089 926 3161 A.
959 3087 1033 3159 1⁰4,
1064 3085 1175 3178 ὥςπερ
1204 3084 1269 3160 ιιίιό
1295 3081 1342 3152 aod

262 3277 470 3289 *un—-

326 3385 372 3452 66)
391 3383 488 3454 Qui‘
459 3385 566 3460 ιιφειὴι
586 3397 614 3442 ot
630 3391 726 3442 similia
744 3392 841 3444 aoristo
864 3391 1021 3449 subnectunt
1042 3394 1129 3474 potius
1148 3409 1223 3462 quem
1240 3389 1342 3462 perroto

256 3473 282 3524 bi
295 3480 322 3524 et
336 3473 487 3540 disciplinae
504 3483 617 3529 tenorem
631 3478 785 3544 perturbant
797 3485 824 3529 et
835 3494 925 3546 parum
945 3486 1053 3546 prosunt
1069 3480 1208 3544 tironibus,
1222 3478 1263 3546 qui
1283 3487 1341 3542 quun

255 3559 339 3628 θέτης
350 3575 407 3610 eum
424 3557 523 3629 ἐτέθην
537 3562 750 3629 comparaverint,
770 3572 874 3631 praeter
887 3566 1001 3616 vocalem
1013 3565 1096 3616 omnia
1110 3573 1212 3628 mutata
1225 3561 1339 3630 reperiant.

255 3643 295 3698 Ab
307 3646 352 3698 illo
368 3653 482 3714 tempore
498 3647 563 3700 nihil
576 3649 702 3700 commode
718 3649 799 3716 repeti
818 3659 902 3718 potest
917 3651 967 3702 nisi
983 3640 1120 3736 datariis,
1136 3643 1276 3718 certabas,
1291 3655 1340 3712 qum

255 3734 403 3795 terminatio
413 3747 550 3784 consonam
566 3737 639 3786 tbeta
657 3747 812 3788 communem
829 3738 907 3789 babet
917 3748 976 3788 com
989 3725 1142 3803 {inperative
1157 3733 1306 3802 artato
1267 3728 1307 3785 ιλῦ
1307 3732 1339 3786 da

255 3835 312 3872 cum
325 3821 441 3887 personis
462 3821 573 3888 passivis
589 3817 773 3889 emanabat.
796 3821 949 3886 abactam,
966 3833 1032 3881 oua
1055 3823 1227 3877 substantivis
1242 3814 1338 3886 aloidas
1397 3827 1398 3832 ’

253 3903 351 3974 piabor,
370 3915 399 3957 et
417 3923 473 3960 cum
484 3906 686 3974 praesentibus
679 3925 741 3975 ipsus
753 3905 869 3980 πληθοι
889 3900 980 3977 ιιηθιιι,
998 3909 1165 3981 aptaque
1190 3907 1283 3974 Neque
1296 3915 1339 3969 ler

256 3993 341 4043 suasit
356 3993 418 4043 mibi
431 3993 574 4046 Booolalrius
591 3993 666 4062 Gorp
682 3995 762 4047 laser.
772 3995 791 4049 l,
809 3996 869 4049 881
888 4011 921 4050 ex
936 3989 997 4062 ἆμιι
996 3999 1041 4068 'opto
1060 3997 1169 4064 primum
1187 3996 1278 4048 iactum
1296 4000 1338 4038 esse

253 4067 385 4180 ημιιβται
403 4086 432 4130 et
446 4074 600 4150 η’μεῖβθην,
620 4083 665 4133 sed
680 4081 795 4150 antiquis
813 4083 901 4134 assent
902 4083 942 4132 ior
960 4078 1156 4144 Grammaticis,
1176 4090 1205 4134 nt
1224 4079 1302 4131 ab’t
1269 4096 1304 4131 ιιι
1302 4087 1337 4139 pv

254 4159 407 4232 ἓτιφιίμην,
425 4167 463 4216 sic
478 4160 644 4238 adipemque,
661 4171 765 4236 quodin
778 4157 965 4236 componitur,
979 4159 1137 4247 η’μειφιιιιι
1156 4176 1240 4218 cetera
1257 4169 1335 4230 protet-

255 4250 329 4302 sittc.
363 4249 436 4303 Unde
447 4252 517 4305 enin
531 4247 641 4324 δραχμή
655 4263 683 4307 ιι
698 4255 793 4308 similia
807 4256 859 4310 nlsi
877 4261 914 4306 es
932 4233 1120 4322 antitipstitnl
1137 4251 1251 4324 pellecti
1258 4242 1337 4300 nttlvll
