2926 4886
304 353 361 418 ul:
388 351 574 417 ludher.
606 349 933 417 16606666.
964 355 993 436 5.
1014 351 1047 416 3.
1165 353 1234 474 llil

124 557 187 602 νον
202 533 293 599 Eust.
309 555 339 619 p.
354 531 430 611 060,
448 531 479 596 1.
503 527 542 598 cd
563 527 763 620 α’ντίρρινον
782 545 813 596 et
829 526 1020 618 κίτιιίῤῥινον
1036 531 1104 595 llnl.
1121 531 1232 618 Ephes.

125 639 160 702 dc
182 637 269 701 Part.
291 659 321 722 p.
345 635 398 700 36.
428 655 514 720 quam
540 645 697 716 utramque
723 636 849 726 foueam
877 633 1036 720 conjunxit
1062 635 1233 720 Xenophon

127 738 328 825 0661112,
346 737 378 800 3.
402 731 515 823 ἅρινις
536 747 571 800 et
587 731 710 822 ἅρινοι.
739 729 901 822 Ἀκρόθιν
924 731 1152 824 6166616ρὸ66·
1173 761 1234 802 666

125 842 282 926 reperitur
302 861 398 924 neque
417 839 561 904 Pindarus
578 839 625 902 01.
644 839 686 902 Χ.
704 836 758 902 68.
782 833 953 924 ἀκρόθινα
973 836 1080 919 doctu,
1104 850 1139 904 ut
1156 841 1236 927 Hey-

124 943 175 1006 uio
197 944 318 1019 visum,
349 943 401 1006 sed
422 938 465 1008 τοί
487 935 656 1026 α’κρόθινα
685 941 765 1006 dixit
790 961 843 1024 pro
867 953 1011 1006 consueto
1039 936 1236 1029 οίκροθίνια,
1277 975 1279 983 ·

124 1045 172 1109 cui
194 1045 299 1110 simile
320 1055 368 1108 est
388 1039 613 1129 ἀσαλαμίνιος
635 1053 667 1106 et
688 1035 876 1128 domiciacus
898 1044 1000 1108 Diosc.
1021 1045 1096 1128 Eup.
1119 1045 1156 1108 ll.
1181 1045 1235 1124 61,

124 1147 200 1215 272.
234 1147 315 1232 quod
342 1139 515 1231 ἅοτληνος
541 1146 598 1210 diei
626 1143 716 1210 solet.
761 1145 897 1209 Eundem
918 1147 1031 1210 flexum
1058 1147 1167 1212 hahent
1187 1151 1237 1212 ad·

120 1251 240 1336 jectiva
263 1250 299 1313 ab
322 1250 356 1315 ἴν
378 1248 541 1333 composita
562 1241 669 1324 οίὶνος,
691 1242 816 1326 edicas,
836 1253 964 1334 ἕφινος,
987 1243 1162 1336 ὀλιγόϊνος,
1184 1253 1238 1318 ls-

123 1347 280 1426 τιτόίνος.
311 1351 387 1414 11166
407 1349 568 1434 paullulum
590 1349 775 1415 declinantes
792 1351 949 1416 incidimus
967 1373 1026 1414 nou
1044 1353 1077 1416 iu
1095 1353 1236 1439 Scyllam,

125 1457 177 1520 sed
199 1457 234 1519 iu
259 1453 378 1539 Scyllae
399 1464 526 1516 matrem
547 1451 737 1539 Κραταιίν,
762 1475 848 1538 quam
870 1455 1014 1518 iuvocare
1030 1456 1155 1540 jubetur
1178 1456 1237 1520 hli-

124 1579 182 1623 xes
205 1558 266 1622 06.
287 1559 336 1623 M.
360 1553 434 1620 124.
457 1557 624 1642 βωστρεῖν
646 1555 681 1622 di
700 1557 872 1641 Kouroula
892 1557 1022 1643 μητέρα
1044 1557 1104 1642 τῆς
1129 1551 1239 1624 Σκύλ-

125 1663 195 1746 λης,
219 1661 285 1724 filia
307 1660 370 1744 ipsa
388 1657 678 1743 τερατωδεοτίραν
697 1659 930 1742 significatione,
953 1660 1167 1733 declinatione,
1190 1681 1239 1724 ac-

127 1775 228 1828 centu.
279 1763 359 1828 Deus
387 1762 454 1825 sive
474 1762 529 1824 dea
554 1761 747 1845 multipotens
774 1762 1062 1845 perexcellentium
1090 1763 1239 1826 nominari

127 1876 226 1950 potest
247 1861 402 1953 κραταίις
424 1863 475 1928 661
496 1864 645 1948 adjective
665 1864 716 1927 vel
738 1864 867 1947 proprie,
892 1864 971 1928 sicut
987 1865 1078 1928 hecha
1097 1867 1238 1948 quaedam

128 1967 238 2032 dieitur
267 1960 500 2056 χιλιοὸλίναμις
528 1963 635 2029 Galen.
663 1966 701 2029 de
728 1965 832 2049 Simpl.
862 1967 941 2033 Med.
965 1967 1237 2048 7111.’20,.106.

128 2069 163 2134 Τ.
178 2070 251 2135 Xll.
278 2070 380 2133 Diosc.
401 2070 474 2133 hlat.
493 2067 546 2132 lv.
570 2065 603 2144 8,
627 2065 702 2130 611.
726 2067 820 2131 latine
842 2069 1086 2154 cha'lz'odpncma‚
1111 2072 1162 2133 sed
1186 2071 1240 2135 hu-

127 2173 178 2256 jus
197 2172 392 2238 accusativus
414 2173 494 2236 louet
514 2168 704 2256 κραταίινα,
726 2181 790 2246 aut,
814 2171 841 2234 si
859 2172 938 2236 forte
960 2173 997 2234 ad
1015 2172 1240 2238 similitudimem

130 2271 286 2340 nominum
306 2269 449 2363 Ἁχαιίς,
471 2269 657 2352 Πλαταιίς,
680 2273 833 2352 uellate,
862 2273 1003 2348 deuexit,
1032 2273 1239 2360 Κραταιίδα,

130 2379 178 2442 661
199 2379 315 2472 omisso
337 2378 399 2440 iota
419 2375 614 2461 Κραταίιλα,
638 2375 716 2438 sicut
734 2375 934 2440 Nicomachus
955 2375 1076 2459 scripsit
1096 2378 1129 2440 in
1151 2379 1238 2443 Phot.

131 2480 204 2544 Cod.
229 2479 444 2544 CLXXXVII.
472 2477 549 2544 239.
583 2477 705 2541 Ovidius
734 2479 767 2540 16
794 2488 883 2542 sexto
912 2499 983 2542 casu
1013 2477 1162 2542 Crataeide
1181 2487 1239 2564 ¹¹).

132 2582 162 2646 Si
183 2593 346 2648 accentum
367 2581 548 2666 quaerimus,
573 2581 762 2644 accusativus
777 2576 949 2665 Κράταιιν
971 2581 1054 2662 (666
1074 2581 1165 2665 vulgo
1187 2605 1240 2666 pro

132 2687 253 2752 nomine
278 2685 395 2770 propriu
417 2684 574 2768 accipitur)
601 2693 863 2768 proparoxytouus
886 2694 934 2748 cst
954 2684 1029 2766 apud
1051 2683 1241 2767 Apollonium

133 2799 162 2850 et
181 2789 397 2872 Alciphruucm
419 2786 443 2850 I.
467 2784 519 2850 18.
544 2787 787 2872 quemadmodum
809 2785 910 2848 Schol.
929 2785 1006 2850 Veu.
1025 2785 1071 2854 Λ.
1094 2785 1169 2850 677.
1196 2786 1240 2855 τοί

133 2893 177 2963 εἰς
204 2879 237 2966 a}
266 2882 414 2978 λήγοντα
443 2886 599 2978 καθαρὸν
624 2886 740 2976 μόνοις
765 2886 900 2974 θηλοοιί
928 2887 1110 2964 ὀξύνεσθαι
1133 2889 1241 2972 θέλει,

132 2993 283 3081 Κριφηίς
308 2997 383 3073 (scr.
408 2994 749 3085 Κιρφκίς)11ριορΐς·
785 2989 824 3056 τὸ
849 2991 884 3058 dd
905 2987 1155 3077 11661666ςέ661
1177 2993 1242 3060 coci

133 3096 253 3181 κυρίου
281 3096 586 3218 βοβαρυτονῆσθαι
615 3095 724 3162 δοκεῖ·
761 3091 848 3183 ccipe
877 3094 913 3161 dh
942 3095 1000 3161 ael
1024 3095 1127 3160 coaice
1157 3095 1241 3183 πρὸς

133 3193 413 3282 α’ντιιλιαοτολην,
443 3219 498 3280 qna
522 3199 590 3280 quid
612 3218 684 3281 opus
706 3198 765 3272 sit,
797 3198 896 3260 miuus
916 3197 1065 3280 intelligo.
1110 3198 1186 3262 Nam
1208 3202 1240 3264 iu

134 3301 177 3368 A.
193 3301 273 3368 507.
296 3300 348 3364 661
365 3299 497 3383 loquitur
515 3301 551 3362 de
571 3299 689 3384 Sisyphi
709 3321 785 3364 saxo
807 3296 862 3365 ὅτε
880 3299 998 3385 μέλλοι
1016 3294 1123 3388 α’ίκρον
1140 3299 1240 3390 timeq-

135 3405 287 3489 βαλέειν,
316 3397 389 3468 τότ’
413 3397 672 3488 οἷποοτρὲψαοκε
696 3399 866 3490 κραταιίς,
895 3399 1088 3465 Aristarchus
1110 3423 1241 3484 pronun·

137 3507 274 3572 claudum
297 3516 401 3570 censet
421 3501 506 3570 κατιί
529 3497 708 3590 convolsis,
731 3506 786 3569 hoc
809 3517 867 3582 est,
894 3515 929 3567 ut
948 3503 1121 3566 adverbium
1144 3505 1241 3568 simile

136 3607 185 3684 iis,
208 3631 288 3698 quae
309 3610 342 3672 in
359 3596 394 3681 i}
410 3610 504 3671 hreve
523 3618 649 3681 exeunt,
671 3606 827 3694 λικριφίς,
849 3604 1032 3692 dependis,
1053 3605 1242 3672 Ptolemaeus

138 3729 209 3776 vero
238 3715 454 3795 interpretatus
482 3721 530 3773 est
555 3705 578 3794 ἦ
604 3708 747 3796 κραταία
775 3703 920 3794 δύναμις
946 3707 1008 3772 τοῦ
1035 3704 1150 3772 λίθον.
1195 3707 1244 3772 1111

140 3815 226 3880 lauite
252 3813 421 3879 asseuh’tur
440 3812 657 3896 Theoguostus·
675 3813 708 3874 iu
730 3812 865 3875 Crameri
887 3810 1001 3872 Auecd.
1026 3809 1064 3871 ll.
1090 3809 1163 3873 163.
1193 3812 1243 3873 ad·

140 3919 242 3982 verhia
264 3927 401 4003 oxytona
424 3916 457 3978 iu
478 3902 514 3988 a}
533 3935 712 4000 componens
737 3912 882 4001 ἕρκοτίς,
905 3909 1066 3998 οολικρίς,
1088 3911 1243 4004 λικριρίς,

142 4069 352 4088 ψ

209 4159 253 4223 11)
275 4157 397 4210 Martiae.
417 4156 479 4223 Cap.
499 4155 543 4208 Vl.
566 4156 589 4223 ξ.
609 4157 669 4213 ull.
694 4155 777 4210 Solia.
796 4151 827 4206 11.
848 4153 889 4206 14.
910 4153 939 4205 C.
964 4169 1026 4207 eum
1044 4151 1243 4220 0666611666-

145 4243 224 4310 6166,
248 4261 316 4342 pape
333 4243 436 4310 Scyllae
452 4243 619 4308 achtcrsuc't.
897 4257 903 4271 ·
