2926 4886
246 267 313 337 176
603 258 922 341 blssattrnrlo
953 263 997 329 ll.

248 450 300 513 bet
321 455 352 510 el
373 443 523 510 diversam
545 439 790 516 declinationem,
814 452 887 516 τοῖς
908 456 1045 532 πυροῖς,
1072 465 1164 530 quare
1198 446 1234 510 ab
1257 445 1363 534 Etym

246 552 290 616 M.
314 547 397 624 585,
425 545 480 612 40.
504 544 713 629 metaplastum
741 545 859 628 quidem
884 547 1005 627 dieitur,
1030 549 1082 612 sed
1112 549 1267 614 confertur
1295 573 1366 615 eum

247 654 299 730 iis,
322 671 398 735 quae
422 669 478 712 nos
500 649 535 711 ab
558 647 615 712 boe
639 667 765 710 numero
788 647 879 732 longe
902 659 1060 734 segregata
1077 651 1231 727 babemus,
1255 661 1367 736 σταθ-

246 752 321 844 μοί,
344 746 501 836 σταθμοί,
520 745 668 836 ἐρετμοί,
689 742 826 836 decepta,
848 749 967 839 μικροί,
988 753 1096 840 μῆρα,
1119 750 1234 834 οἰκίαι,
1259 754 1365 823 οἰκία.

246 859 362 924 Horum
383 855 444 920 alia
464 854 608 918 aliorsum
634 852 806 937 pertinent3
835 847 930 940 πυροί
954 854 1068 938 plurale
1095 854 1204 941 aedp
1227 857 1366 922 denomi-

247 973 352 1028 natum
373 959 494 1024 videtur
514 958 627 1042 pariter
649 968 683 1020 ut
704 952 728 1042 ἦ
747 946 853 1044 πυροί.
900 956 1021 1041 ltaque,
1054 958 1079 1023 si
1101 958 1207 1042 quibus
1229 960 1290 1024 duo
1307 961 1368 1024 illa'

246 1062 404 1132 nonsatis
432 1060 614 1125 videbuntur
641 1059 678 1122 ad
712 1058 842 1142 speciem
865 1060 1004 1124 tritocliti
1028 1061 1264 1139 conciliandam,
1292 1085 1365 1128 cum

245 1164 422 1234 Aristarcho
444 1157 589 1251 οἷοτροίσι
617 1161 751 1226 scribere
774 1162 888 1226 malent
909 1174 1026 1227 remoto
1048 1163 1253 1248 metaplasmo.
1299 1167 1366 1231 Ve-

245 1293 314 1338 rum
336 1290 384 1344 ea,
411 1286 488 1350 quae
509 1264 726 1329 nominativum
745 1265 777 1328 in
798 1249 842 1332 τα
863 1265 998 1342 mittunt,
1022 1275 1056 1328 ut
1075 1261 1255 1354 πρόβατα,
1273 1269 1367 1355 inter

246 1385 403 1456 utramque
425 1368 655 1434 declinationem
676 1367 849 1442 fluctuasse,
874 1367 987 1432 nemini
1008 1367 1117 1432 mirum
1135 1369 1232 1434 videri
1245 1383 1362 1456 potest.

244 1477 348 1563 Etpm.
371 1473 413 1538 M.
439 1471 515 1547 542,
539 1469 571 1536 8.
593 1461 788 1536 κτεάτεσσιν
803 1465 872 1538 οἷπδ
891 1467 1031 1545 εὐθείας
1047 1471 1108 1558 τῆς
1128 1472 1237 1547 κτὲας·
1258 1468 1362 1560 οίμει-

245 1602 311 1648 aaa
330 1577 367 1644 dd
379 1568 631 1664 poaeaelaoptda
649 1571 905 1662 παραδέχεσθαι
922 1567 992 1640 οίπὸ
1015 1573 1076 1661 τῆς
1098 1568 1250 1650 κτειίτοις
1267 1577 1365 1644 δοτι-

244 1681 318 1768 τῆς,
342 1699 418 1764 quae
434 1675 596 1740 Herodiani
618 1696 735 1760 quoque
752 1676 810 1739 fuit
831 1677 984 1744 sententia
1004 1705 1043 1744 π.
1069 1681 1177 1746 Mea«
1190 1701 1219 1764 p.
1245 1678 1298 1755 37,
1326 1680 1361 1744 3.

244 1784 360 1850 Anecd.
384 1781 453 1844 Bar.
477 1779 510 1843 in
534 1779 613 1844 blus.
639 1777 729 1842 Cant.
754 1777 823 1843 Vol.
855 1779 893 1842 ll.
918 1778 993 1846 420.
1048 1781 1106 1845 Sed
1135 1803 1225 1865 quum
1261 1781 1364 1849 κτέα-

245 1909 308 1954 τοκ
330 1902 474 1967 nusquam
496 1882 687 1968 reperiatur,
716 1881 817 1970 κτίαρ
839 1894 940 1948 autem
962 1884 1081 1968 saepius
1104 1895 1186 1948 certe
1208 1887 1285 1970 apud
1308 1909 1364 1970 po·
1451 1961 1452 1974 ρ

245 1986 383 2053 sterioris
405 1985 513 2050 aetatis
535 1997 648 2070 poetas⁴
663 1985 764 2066 Quint.
790 1985 842 2048 lV.
867 1985 941 2051 543.
979 1986 1121 2073 Carpbyl.
1149 1987 1205 2072 Ep.
1230 1988 1254 2052 l.
1279 1990 1361 2056 401.
1451 2007 1452 2034 ³

244 2091 280 2155 Τ.
305 2089 330 2154 l.
357 2088 513 2154 Macedon.
538 2090 593 2174 Ep.
617 2091 764 2154 XXXlll.
790 2089 865 2156 120.
889 2090 925 2153 Τ.
950 2089 1002 2153 lll.
1031 2089 1159 2174 Gregcr.
1185 2090 1286 2155 Carm.
1312 2089 1360 2158 X.

244 2216 275 2280 p.
299 2191 354 2259 82.
378 2191 417 2255 Α.
440 2190 524 2258 XVI.
546 2214 576 2276 p.
601 2192 655 2258 01.
681 2193 716 2258 0.
744 2193 869 2258 XLVll.
901 2204 929 2278 p.
953 2190 1026 2257 111.
1051 2193 1089 2256 Α.
1115 2193 1286 2260 credibilius
1310 2209 1365 2262 est

245 2318 265 2362 a
286 2293 395 2380 plurali
421 2291 565 2370 κτέατα,
594 2298 680 2381 eujus
702 2297 871 2382 analogiam
893 2306 1048 2381 praestant
1069 2293 1190 2378 δέατα,
1214 2299 1362 2385 φρέατα,

243 2397 368 2468 κοιίατοιΙ
390 2395 506 2480 aliaque
528 2419 547 2462 a
568 2400 670 2464 verbis
692 2401 791 2476 ducta,
814 2400 901 2463 modo
924 2397 1038 2464 κτίασι
1053 2399 1118 2464 sive
1133 2395 1308 2468 κτεοίτεσσι
1324 2415 1363 2468 ut
1453 2463 1454 2470 ,

243 2498 419 2574 στεοίτεοσι
446 2499 605 2565 forinatum
631 2523 711 2580 esse,
739 2503 817 2588 quod
838 2501 1013 2566 Eustathius
1036 2502 1192 2587 epenthesi
1214 2504 1363 2591 syllabica

232 2607 399 2674 ,dilatatum
420 2615 506 2688 putat
525 2627 555 2690 p.
569 2604 644 2682 766,
658 2605 711 2670 19.
735 2607 822 2670 modo
845 2606 935 2669 etiam
957 2601 1121 2682 κτειίτοις,
1146 2607 1230 2690 cujus
1253 2629 1362 2672 exem-

243 2711 325 2797 plum
353 2721 455 2773 tamen
483 2729 545 2771 non
572 2708 732 2772 succurrit.
785 2706 996 2772 Nominativus
1031 2705 1261 2796 reconcinnasse,
1298 2731 1360 2794 quo

245 2813 395 2898 Oppianus
417 2809 442 2872 l.
465 2808 541 2874 418.
565 2810 675 2894 aliique
698 2811 833 2895 supparis
848 2811 956 2874 aetatis
972 2811 1193 2876 versificatores
1208 2811 1255 2875 usi
1270 2825 1358 2890 sunt,

242 2917 276 2981 in
298 2935 359 2994 uno
382 2912 505 2976 Homeri
532 2913 598 2976 loeo
623 2934 720 2997 nuper
742 2915 860 2978 demum
889 2913 927 2977 H.
953 2914 1102 2998 Stephano
1124 2925 1246 2978 auctore
1268 2937 1360 3000 repo-

243 3019 320 3084 situs
342 3027 407 3093 est3
431 3037 489 3099 quo
513 3016 643 3080 admisso
667 3015 784 3081 dativus
805 3012 1008 3103 προσώπασι
1022 3017 1208 3102 metaplasmi
1223 3019 1359 3102 speeiem

244 3121 343 3195 exuit,
365 3120 419 3184 sed
442 3119 668 3182 commenticias
682 3119 802 3184 videtur
824 3119 986 3204 singularis
1008 3117 1047 3185 τδ
1062 3113 1241 3206 πρόςωπας
1257 3117 1301 3195 οἷς
1316 3125 1360 3187 τδ

241 3221 356 3315 γόνος,
377 3218 417 3290 τδ
439 3214 551 3310 δόρας,
574 3243 662 3304 quem
684 3223 872 3288 Herodianus
894 3220 1109 3307 Eust.p.677‚
1133 3221 1186 3286 28.
1212 3224 1282 3288 huic
1306 3246 1358 3288 ca·

242 3321 291 3396 su'i
319 3325 518 3414 praescribitp
543 3326 622 3388 uude
652 3325 730 3390 baud
761 3327 823 3399 scic
853 3347 893 3390 an
922 3326 1073 3410 acceperit
1101 3323 1356 3414 schol.t1.vt1.

241 3431 318 3499 212.
342 3425 412 3498 cled
433 3427 495 3515 τῆς
518 3421 682 3517 πρόςωποι
707 3429 795 3514 (tort.
816 3422 1011 3516 πρόςαπας)
1038 3421 1177 3500 εὐθείας
1198 3428 1358 3503 adolescis

239 3526 449 3624 προςιίπατα
463 3531 519 3598 καὶ
532 3524 743 3618 προςοίπασι,
767 3533 872 3618 quippe
893 3534 1117 3596 intercurrente
1136 3531 1266 3595 nominis
1281 3553 1356 3595 aeo-

241 3638 293 3722 lici
314 3632 456 3706 deaceae
475 3635 632 3700 memoria.
677 3636 889 3701 Praetermitto
915 3635 1055 3698 ficticiam
1084 3633 1261 3719 metaplasin
1290 3626 1356 3700 δοί-

241 3740 340 3828 aeaco
361 3751 394 3804 et
418 3738 535 3824 ectasin
559 3737 652 3802 nihilo
673 3739 902 3823 probabiliorem
924 3736 1077 3822 δέσματα
1105 3736 1278 3804 ἐκτέταται
1309 3733 1354 3811 οἷς

240 3840 280 3910 τὸ
298 3839 468 3928 ὀνείρατα,
488 3838 697 3929 προςοίπατα
721 3841 821 3906 Sobel.
847 3841 901 3906 0d.
926 3839 950 3904 1.
974 3837 1050 3906 204.
1094 3838 1199 3926 Neque
1221 3843 1351 3927 ἔγκασι,

242 3945 321 4030 quod
341 3942 481 4007 nonnulli
497 3965 538 4006 ex
551 3935 719 4031 ἐγκοίτοισι
734 3955 919 4011 contractum
933 3944 1018 4028 ajunt
1031 3965 1063 4007 v.
1074 3942 1200 4006 Philem.
1214 3943 1349 4007 Gramm.

242 4049 271 4132 ἓ.
296 4045 350 4112 64.
375 4045 583 4131 metaplastum
605 4045 663 4112 dici
684 4059 795 4132 potest,
819 4069 907 4131 quum
930 4049 1054 4135 ἔγκατα
1081 4047 1157 4130 apud
1185 4047 1283 4132 ipsum
1306 4047 1351 4110 le·

243 4161 332 4236 gatar
352 4149 514 4215 Homerum
536 4170 646 4213 nomen
668 4147 784 4236 plurale
806 4160 922 4214 tantum
949 4160 984 4214 ut
1005 4149 1187 4236 synonyma,
1210 4140 1348 4235 κήδειοι,
