2930 4872
291 321 348 390 on
373 315 564 388 norncr.
587 321 802 390 rnnonrn.
826 323 864 390 u.
886 323 940 394 ιι.
969 327 999 414 ε.
1021 327 1053 396 5.
1141 329 1213 402 noo

105 499 226 595 ἄρκτον
241 501 360 572 πνίον
382 501 490 572 Galen.
512 504 612 590 Exeg.
635 527 665 590 p.
688 503 806 588 ⁴42³>
848 505 975 594 Propter
1007 507 1082 574 illnd
1101 507 1211 581 εὐπα.

88 607 211 698 ’τρίδης
232 603 258 694 ἤ
275 602 378 695 γυνή,
401 607 479 690 quod
500 607 589 671 attuli
609 607 647 670 ad
666 609 719 693 Aj.
741 629 771 692 p.
796 605 870 674 389.
893 611 1064 697 ambignum
1083 623 1131 678 εει
1151 613 1212 680 fle.

104 709 213 776 rodiau.
239 708 295 774 Vl.
320 709 351 773 1.
374 702 519 796 ἠγείρετο
544 721 694 798 γυναῖκα
719 710 790 778 τῶν
814 706 1046 800 εὐπατριδῶν,
1076 737 1131 802 pro
1153 739 1212 804 quo
1314 741 1324 762 ·

103 812 152 878 llio
175 811 264 876 Cass.
290 809 416 874 LXXll.
442 807 474 874 5.
497 825 646 899 γυναῖκα
667 808 855 900 εὐπατρίδα
880 815 952 901 (sie)
974 817 1063 882 dixit.
1108 818 1142 884 ln
1157 820 1211 884 So·

102 914 208 1000 phoclis
230 914 283 977 El.
307 911 383 978 857.
417 912 565 982 ἐλπίδων
585 907 791 984 κοινοτόκων
818 911 1029 1005 εὐπατριδῶν
1055 916 1212 1011 τ’ὐρωγοί

102 1016 297 1082 masculinum
321 1025 562 1102 autexeusatur
589 1019 680 1084 notu
708 1019 745 1083 ad
768 1019 906 1084 Orestem
927 1015 1135 1111 εὐπατρίδην
1162 1047 1212 1092 re·

101 1118 220 1199 latione,
238 1129 295 1184 aut
308 1119 473 1204 corrigitur
493 1132 637 1186 accentus
651 1121 818 1186 mutatione
841 1123 957 1200 eadem,
981 1125 1210 1214 qnaeAntipha·

101 1221 144 1285 nis
163 1221 272 1286 versui
292 1221 405 1286 Athen.
427 1220 479 1286 IV.
506 1221 580 1288 159.
610 1224 648 1288 Ι).
670 1223 804 1290 adhibita
825 1235 873 1290 est
892 1227 982 1292 metri
1004 1248 1106 1294 cansa.
1152 1229 1211 1294 Sed

99 1322 265 1388 Herodotus
288 1323 313 1387 l.
338 1323 392 1390 92.
415 1325 443 1388 si
463 1325 507 1389 ita
527 1325 651 1410 scripsit
671 1335 705 1390 nt
727 1325 881 1411 vulgatum
904 1339 969 1405 est,
1000 1333 1038 1396 ἐν
1058 1330 1210 1422 Βραγχί-

101 1423 173 1516 δῃσι
192 1427 273 1518 τῇσι
286 1424 481 1514 Μιλησίαν,
504 1427 636 1492 animum
657 1429 694 1491 ad
716 1429 838 1494 uomina
853 1431 971 1496 nrhium
985 1431 1110 1508 direxit,
1134 1453 1210 1516 quae

30 1581 32 1590 ,
101 1549 190 1613 genus
212 1531 394 1594 femininum
417 1551 484 1594 cum
514 1529 726 1595 terminatione
754 1532 920 1598 masculina
942 1535 1134 1623 conjunctum
1157 1533 1209 1599 ha·

100 1629 179 1712 hent,
201 1629 226 1719 ἡ
247 1634 466 1709 Honorando,
492 1629 515 1718 ἡ
542 1625 677 1720 Τιίραε,
706 1631 935 1722 ἠΚτηοιφῶν
956 1645 1016 1701 ete.
1041 1637 1146 1722 quihus
1169 1637 1221 1704 si··

101 1733 166 1799 urile
186 1733 211 1822 ἤ
233 1728 378 1828 ῥαιστήρ
400 1735 586 1802 Zenodotnm
608 1737 742 1800 offendit.
788 1736 824 1800 lu
852 1737 942 1822 Soph.
965 1738 1039 1832 ¹(led.
1070 1739 1107 1802 Τ.
1132 1738 1206 1808 189.

102 1828 125 1901 oi
147 1839 272 1926 χρυσία
300 1832 454 1926 θύγατερ
477 1837 556 1914 Διδς
577 1834 694 1906 εὐῶπα
720 1837 863 1926 πέμψον
884 1836 1012 1923 ῶλκοίν,
1040 1863 1120 1908 nnuc
1137 1845 1210 1930 jun·

103 1951 170 2022 gunt
192 1937 313 2010 erloino
342 1933 450 2010 οίλκοίν
485 1941 682 2026 similiterque
711 1941 894 2030 Aeschylum
922 1939 1100 2034 εὔμορφον
1125 1941 1210 2032 κραί-

101 2064 154 2116 τος
175 2045 294 2112 dixisse
315 2047 418 2130 ajunt3
453 2046 506 2110 sed
536 2043 585 2108 hic
618 2044 654 2108 de
683 2045 816 2110 victoria
837 2047 955 2132 pulcra
984 2059 1017 2114 at
1044 2049 1211 2135 spectabili

103 2144 221 2234 (Tacit.)
243 2148 395 2232 loquitur,
427 2167 502 2232 qnae
532 2167 595 2211 nou.
615 2147 715 2230 inepte
744 2141 918 2236 εὔμορφος
952 2151 1026 2230 (uisi
1048 2145 1209 2241 εὐμοιροε

103 2249 229 2337 sempsit)
250 2251 358 2318 vocari
378 2261 489 2335 potest,
513 2249 674 2334 Sophocles
697 2249 733 2313 de
754 2251 886 2316 remedio
908 2253 1123 2337 pestilentiae,
1158 2255 1207 2320 oni

104 2349 173 2414 nihil
192 2354 295 2420 minus
319 2353 462 2418 convenit
483 2371 571 2437 quam
592 2348 718 2425 εὐῶπιε
741 2346 839 2439 citari,
863 2354 931 2440 qnia
959 2355 1014 2419 suh
1035 2357 1207 2442 adspectum

105 2470 161 2518 non
182 2457 274 2520 cadit.
321 2453 423 2540 Itaque
452 2454 545 2520 statui
575 2453 767 2538 Sophoclem
788 2455 945 2542 scripsisse
970 2457 1046 2542 quod
1069 2457 1208 2524 Callima·

105 2551 184 2633 chus,
209 2553 307 2627 Οὖπι
322 2551 444 2626 οίναοῶ
465 2555 583 2624 εὐῶπι.
628 2556 819 2622 Brnnckiano
842 2569 1010 2624 commento
1030 2553 1055 2646 ἤ
1075 2553 1208 2646 odoieno

105 2675 141 2720 ex
156 2660 286 2726 adverso
308 2661 436 2746 positum
458 2669 517 2735 est,
541 2659 618 2743 qnod
638 2659 812 2726 Athenaeus
833 2659 900 2727 Vll.
923 2659 999 2728 277.
1023 2661 1062 2726 D.
1086 2681 1104 2727 e
1125 2661 1207 2726 Tita-

104 2763 254 2879 nomachia
277 2763 365 2842 affert
385 2763 513 2832 πλωτοί
544 2757 750 2866 χρασοίπιδρς
776 2755 895 2854 ἰχθύες
926 2760 1016 2833 attat
1040 2785 1095 2850 pro
1126 2785 1206 2858 χρα-

105 2880 231 2942 σωπεες.
608 2953 626 3038 ἓ
662 2952 682 3019 5

181 3067 337 3136 llacteuus
369 3070 542 3137 enumeravi
572 3069 711 3156 exempla
745 3067 885 3135 licentiae
912 3067 1115 3149 irrationalis,
1148 3091 1206 3158 qua

107 3166 228 3251 epitheta
251 3173 418 3240 masonhna
439 3195 506 3238 cnm
528 3172 725 3240 substantivis
756 3173 901 3240 feminino
923 3173 1030 3261 generi
1050 3172 1206 3260 adscriptis

109 3329 313 3355 '‘Q-..a—

168 3441 195 3512 8)
211 3445 353 3498 Accentum
373 3441 433 3502 ,τῶν
450 3441 565 3514 ἐτησίων
591 3447 710 3498 certatim
736 3445 861 3498 adnotant
887 3442 1054 3496 Grammuttcl
1073 3457 1100 3496 v.
1115 3439 1203 3493 (δοεη-

107 3518 164 3589 ling.
182 3530 213 3582 de
224 3532 288 3584 Aoo.
302 3543 327 3599 p.
343 3533 402 3588 tlt.
423 3532 503 3599 quisi
518 3532 619 3583 ratione
633 3531 756 3584 fundatus
771 3539 821 3596 ast,
839 3531 1049 3582 communicasse
1065 3527 1140 3580 dehet
1153 3541 1204 3579 om·

107 3609 176 3664 nibus
189 3626 325 3671 ventorum
345 3619 489 3672 nominihus
511 3619 549 3670 elo
565 3617 723 3679 terminatis,
743 3617 837 3685 quihus
851 3615 989 3682 conjugatu
1003 3621 1065 3667 sunt
1076 3611 1205 3678 otljeetivo

108 3679 195 3763 9100,
212 3702 343 3774 ε’νυδρίαι,
360 3702 558 3773 otteramno,
571 3697 714 3771 ὄλομπίαε,
725 3704 895 3772 στρομονίαε,
908 3703 1054 3773 φοινικίαε.
1088 3699 1126 3753 Ao
1140 3699 1203 3753 torl-

106 3775 173 3835 hitur
186 3788 225 3842 ita
244 3787 300 3844 τῶν
317 3785 474 3860 οἷπαρκτίαν
485 3790 595 3842 Aristot.
610 3788 718 3843 Meteor.
735 3787 766 3840 11.
787 3789 813 3841 0.
831 3803 856 3855 p.
873 3787 935 3849 307,
955 3786 979 3840 7.
1000 3784 1093 3838 Galen.
1107 3783 1202 3839 Comm.

108 3861 132 3915 5¹1
146 3867 217 3942 hipp.
235 3875 266 3928 de
278 3874 352 3928 llum.
367 3875 410 3928 ΙΙΙ.
432 3876 474 3938 13,
494 3876 553 3930 tto.
574 3875 606 3930 Τ.
619 3871 691 3927 XVI.
708 3875 752 3925 sed
765 3881 792 3926 et
806 3873 850 3925 uhi
871 3872 943 3924 nulle
965 3879 1005 3925 est
1025 3873 1206 3942 synemmesis,

30 3965 31 3968 ¹
107 3947 297 4034 reindueretur
312 3961 441 4030 Theophr.
460 3963 492 4014 de
509 3960 587 4014 Vaut.
606 3961 651 4023 49,
673 3957 733 4014 777.
753 3967 830 4027 atque
851 3959 878 4010 iu
896 3959 948 4011 elio
965 3959 1028 4010 adeo
1046 3973 1141 4024 gauere
1160 3975 1203 4012 uo·

108 4035 198 4112 minum
213 4043 268 4101 τῶν
283 4051 436 4115 καρχαρίαν
454 4049 481 4099 in
495 4049 566 4101 codd.
581 4047 676 4101 Athen.
696 4045 743 4099 lx.
758 4047 819 4100 403.
838 4046 868 4098 n.
907 4045 956 4096 Sed
974 4051 1001 4096 et
1017 4051 1107 4098 contra
1127 4059 1204 4109 regu·

108 4116 156 4175 ¹²1³
170 4126 225 4186 τῶν
242 4129 356 4202 ε’τησιῶν
370 4133 454 4186 Schol.
469 4133 554 4203 Apoll.
577 4133 608 4186 11.
630 4134 689 4188 500.
710 4133 761 4186 etsi
780 4132 853 4185 venti
876 4131 957 4199 ipsius
977 4146 1066 4184 nomeu
1085 4145 1205 4184 nonnun-

109 4217 178 4270 0100
193 4219 334 4273 masculine
345 4219 442 4274 dicitur
454 4217 485 4276 οί
502 4217 609 4292 ε’τήοιοι
623 4237 650 4276 v.
663 4219 844 4274 Friedemann.
859 4217 891 4272 ad
905 4216 992 4271 Streh.
1009 4233 1035 4288 p.
1057 4216 1116 4273 000.
