2930 4872
221 271 293 338 nou
565 216 890 336 nussunramo
911 263 977 332 111.
1064 302 1071 319 .

220 473 335 538 τνρος.
379 449 424 518 De
454 442 657 534 φειιδόπορα
681 445 776 521 valet,
813 443 890 530 quod
910 463 1002 530 supra
1033 443 1069 508 de
1090 442 1219 530 simplici
1239 440 1328 532 παρά

221 553 308 631 dixi3
331 553 368 616 ad
389 562 504 616 ceteras
526 549 724 628 necessitates
745 557 850 632 parata
870 557 941 610 sunt
962 549 1118 633 ἔμπορος
1129 593 1141 624 ,
1175 538 1332 614 κατάπν-

221 680 292 744 ρος,
315 648 472 739 ζάπνρον
493 662 552 716 etc.
599 651 680 715 Haec
707 649 843 748 breviter
871 649 997 734 transigi
1019 659 1167 734 potuere3
1196 649 1262 745 plus
1284 671 1334 716 cu·

220 779 274 823 rac
296 758 467 822 desiderant
487 753 636 840 adjectiva
657 752 689 816 in
711 776 729 826 ς
752 751 932 830 terminata,
963 745 1089 836 quorum
1111 751 1259 818 nonnulla
1282 774 1334 840 per

221 880 335 946 genera
357 870 388 923 et
410 857 520 944 gradus
542 855 661 919 moveri
686 865 848 940 negantur.

731 1042 760 1125 p.
784 1039 816 1106 ι.

307 1165 342 1229 ln
363 1163 485 1228 Lexicis
507 1162 634 1226 affertur
662 1157 682 1227 o‘
704 1169 738 1226 et
758 1155 783 1246 ἤ
804 1155 1044 1249 άνδροδάμας,
1075 1163 1129 1228 scd
1158 1163 1333 1228 femininum

223 1291 284 1335 non
307 1267 464 1353 legebatur
484 1275 642 1349 antequam
665 1263 834 1329 Boeekhius
861 1265 894 1328 in
923 1265 1009 1329 Pind.
1040 1265 1163 1350 Fragm.
1195 1264 1235 1329 N.
1261 1266 1331 1330 147.

220 1394 251 1458 p.
275 1369 351 1434 657.
375 1391 429 1454 pro
461 1363 685 1454 άνδροδάμαν
709 1362 816 1457 ριπάν
833 1366 928 1430 ‘metri
958 1387 1048 1432 causa
1077 1368 1251 1433 emendavit
1271 1365 1334 1436 άν-

220 1465 457 1559 δροδάμαντα,
479 1490 576 1553 neque
599 1469 690 1532 alium
704 1481 858 1533 auctorem
870 1468 959 1532 babet
975 1461 1232 1556 ἀνδροδάμαντ’
1244 1467 1332 1559 'Epo-

222 1570 334 1666 φάλην
360 1572 449 1638 Nem.
479 1571 535 1635 lx.
566 1569 621 1634 37.
652 1572 704 1636 sed
733 1571 838 1635 lsthnr.
870 1569 922 1634 Vl.
954 1569 1028 1636 108.
1064 1571 1136 1635 libri
1170 1575 1333 1659 complures
1429 1611 1430 1616 κ

219 1680 364 1766 praebent
389 1668 639 1764 χαλκοδάμαντ’
668 1667 821 1750 άκόναν,
851 1693 905 1758 pro
930 1669 1174 1763 χαλκοδάμαν,
1210 1677 1332 1762 quodsi
1373 1691 1391 1769 J
1441 1673 1442 1680 '

220 1782 271 1846 vir
293 1779 477 1844 clarissimus
499 1781 625 1840 veretur
649 1797 688 1864 ne
713 1777 841 1840 Pindaro
866 1799 928 1841 non
951 1777 1130 1853 conveniat,·
1150 1777 1224 1842 mibi
1241 1779 1331 1844 multo

955 1865 1147 1878 nanu—u·—

219 1884 318 1970 magis
341 1881 531 1945 dubitandum
551 1878 683 1956 videtur,
706 1901 745 1942 an
768 1879 941 1945 terminatio
962 1904 1015 1958 ας,
1038 1903 1155 1962 αντος,
1177 1901 1195 1945 a
1216 1882 1331 1966 partici-
1441 1925 1442 1968 3

220 1987 277 2074 piis
300 1982 474 2048 masculinis
505 1983 666 2068 anticipata
703 1993 805 2068 totque
840 1985 973 2069 ejusdem
1006 1983 1130 2068 generis
1166 1979 1330 2048 nominibus

219 2087 348 2176 propriis
369 2085 514 2170 insignita
536 2085 642 2162 Αἴας,
660 2077 837 2173 Ἆιιάμας,
864 2080 1001 2161 Ἄτλας,
1025 2082 1204 2173 Περίφας,
1229 2083 1329 2170 Θόας,
1441 2101 1442 2122 ¹

219 2184 450 2276 Ἱπποδάμας,
475 2183 672 2275 Θειοδάμας
699 2201 758 2254 etc.
783 2211 844 2258 nou
865 2189 931 2254 sine
954 2189 1078 2272 quadam
1099 2189 1220 2271 aurium
1243 2187 1331 2252 ollon-

220 2295 307 2361 sione
329 2293 366 2356 ad
387 2291 564 2356 femininum
593 2293 708 2356 traduci
730 2293 880 2376 potuerit3
913 2291 989 2376 quod
1012 2311 1107 2375 genus
1130 2313 1176 2355 ne
1199 2313 1264 2356 cum
1285 2311 1333 2354 ur·
1441 2323 1442 2332 =

218 2400 301 2464 bium
324 2396 440 2482 quidem
462 2395 631 2458 nominibus
652 2391 827 2484 Ἀνράφας,
855 2389 989 2480 Τάρας,
1013 2394 1255 2460 communicatur
1276 2391 1331 2457 nisi

202 2521 274 2587 =per
295 2499 432 2586 synesin,
455 2519 511 2562 nec
533 2499 684 2582 reperitur
707 2498 739 2561 in
761 2498 935 2584 adjectivis:
961 2489 1115 2581 άδάμας,
1140 2490 1330 2583 τοξοδάμας
1441 2485 1442 2538 l

219 2594 358 2690 άκάμας
377 2599 605 2665 cl.·Hermann.
628 2600 739 2684 'Opuso
762 2600 798 2664 T.
824 2599 875 2666 111.
900 2624 930 2686 p.
957 2599 1033 2667 217.
1084 2599 1238 2684 Simplicia
1260 2600 1327 2662 duo·

219 2725 287 2771 rum
310 2723 455 2789 generum
475 2713 557 2778 sunt,
579 2701 637 2764 nisi
660 2713 817 2786 quaeant
838 2714 963 2767 naturae
989 2702 1057 2786 lege
1079 2701 1222 2766 alterutri
1243 2700 1328 2769 sexui

219 2808 426 2872 attribuuntur
451 2814 505 2867 aut
530 2825 602 2869 usus
631 2805 755 2889 quodam
776 2805 907 2896 'arbitrio
935 2805 1020 2870 velut
1048 2795 1152 2878 τονάς
1165 2793 1187 2882 ,’
1208 2795 1323 2892 μαιάς,

217 2906 336 2988 Ιδοιάς,
360 2895 466 2993 σοβάς
489 2916 547 2969 etc.
572 2926 736 2992 quanquam
755 2907 828 2972 baec
847 2929 962 2993 quoque
984 2908 1016 2971 in
1038 2907 1129 2982 aliud,
1156 2920 1245 2992 atque
1263 2907 1325 2992 pri-

218 3032 300 3078 mum
322 3008 513 3074 denominata
542 3019 624 3084 sunt,
656 3010 814 3074 transferri
848 3010 1002 3086 videmus,
1037 3005 1186 3096 μαινάδι
1219 3005 1325 3095 λαιμῷ

218 3115 328 3180 loann.
354 3111 430 3175 Gaz.
453 3111 572 3202 Ecphr.
587 3133 617 3174 v.
645 3111 718 3176 518.
746 3104 883 3198 φοιτάδι
903 3107 1025 3202 μόχθῳ
1047 3110 1143 3177 v.89.
1170 3106 1325 3200 άποφράς

219 3212 410 3304 ἅνθρωπος
428 3213 461 3277 in
482 3215 639 3278 notissimo
662 3235 755 3278 versu
776 3215 878 3300 Etym.
900 3217 942 3280 M.
967 3240 997 3302 p.
1024 3213 1098 3292 131,
1120 3214 1177 3282 26.
1213 3214 1324 3279 Neutro

220 3307 320 3384 autem
341 3329 376 3381 ut
397 3317 575 3401 copulentur
597 3338 657 3380 non
679 3316 750 3380 licet
772 3317 831 3380 nisi
852 3319 884 3381 in
903 3321 1019 3384 casibus
1035 3319 1085 3394 iis,
1110 3339 1236 3402 quorum
1249 3318 1324 3382 idem
1441 3343 1442 3348 ¹

219 3411 275 3510 per
294 3421 394 3485 omnia
409 3440 520 3503 genera
535 3405 650 3494 euituS,
672 3411 817 3506 δρομάδι
836 3413 941 3510 solip),
965 3417 1112 3510 δρομάσι
1127 3416 1321 3510 βλεφάροις,

220 3519 358 3613 φοιτάσι
372 3534 528 3607 πτεροῖς,
556 3518 701 3607 μανιάσι
721 3520 948 3610 λυσσήμασιν,
972 3527 1007 3590 ad
1031 3547 1105 3610 quae
1127 3527 1241 3610 primus
1262 3522 1324 3588 ani·
1441 3547 1442 3558 ν

217 3626 379 3693 madvertit
400 3624 428 3688 J.
454 3623 588 3708 Scaliger
616 3626 653 3687 ad
681 3626 786 3690 Manil.
811 3626 850 3691 V.
874 3625 949 3692 632.
973 3639 1077 3714 postca
1098 3628 1267 3694 Brunckius
1288 3623 1323 3688 ad
1441 3709 1442 3728 φ

218 3729 330 3796 Aescb.
356 3728 438 3811 Sept.
462 3724 537 3793 266.
561 3727 762 3792 accumulavit
783 3728 976 3814 Tragicorum
999 3731 1148 3815 exempla.
1195 3730 1252 3796 Sed
1275 3747 1322 3791 ea·

220 3833 287 3895 dem
309 3830 447 3893 libertate
468 3849 541 3893 usus
561 3828 741 3898 Aristoteles
770 3831 806 3896 de
828 3832 910 3897 Part.
934 3834 1034 3901 Anirn.
1059 3833 1112 3898 111.
1136 3832 1169 3898 5.
1192 3853 1221 3917 ρ.
1246 3827 1320 3906 668,

218 3933 253 4000 7.
277 3931 340 3999 τοῦ
373 3927 529 4017 σώματος
555 3927 681 4021 ραάδος
705 3933 895 4021 γενομένου
923 3937 981 4006 cot
1008 3933 1145 4024 μανοῦ,
1174 3954 1231 4019 quo
1256 3931 1320 4016 plus

220 4033 395 4101 offensionis
417 4033 540 4098 baberet
565 4034 629 4101 τοῦ
660 4033 784 4125 ροάδος
808 4033 976 4125 σοι’ματος.
1022 4039 1135 4106 Verum
1162 4049 1264 4102 tamen
1290 4032 1319 4096 id

221 4159 337 4225 quoquc
369 4157 459 4203 ausus
488 4147 535 4202 est
562 4138 711 4224 Oppianus
741 4139 819 4226 Cyn.
844 4139 996 4232 ltett.
1024 4140 1161 4234 σπάρτφ
1180 4137 1318 4225 σαλαβιτ
