2940 4894
305 335 364 402 ott
392 331 555 402 NOMIN.
585 333 757 400 ochos.
789 333 826 400 C.
850 331 875 398 1.
907 333 935 420 ς.
959 335 992 402 2.
1161 341 1204 406 ⁷⁷

109 520 176 582 mins
200 516 363 599 magister:
399 511 439 582 τί
462 515 534 601 Σῦρ
562 510 604 581 οὐ
630 509 780 599 σύνηθες
806 509 891 603 παρ’
906 509 1068 602 Ἕλλησιν
1093 510 1202 594 ἄλλως

106 645 136 688 τε
154 613 226 685 οὐδ’
244 611 403 704 ἄντικρυς
425 615 620 704 οὐδέτερον·
646 611 734 684 οὕτω
757 611 821 706 peip
841 617 990 684 ἐκαλεῖτο
1012 615 1035 703 ἠ
1051 616 1201 706 Φοινίκη.

107 721 218 788 Interim
243 739 354 782 nornen
377 721 587 804 graecanicum
609 717 712 784 nescio
738 719 816 782 unde
843 719 1015 804 expiscatus
1037 731 1085 784 est
1104 721 1203 786 Theo·

106 833 218 908 guostus
241 821 345 885 Crem.
369 821 407 885 11.
432 821 507 886 133.
538 825 586 896 εἰς
606 809 648 908 ορ
669 812 915 908 μονοσύλλαβα
939 813 1000 888 δύο
1022 819 1109 898 tect,
1138 823 1202 912 οὗρ

104 923 135 991 τί
156 920 299 1011 φορτίον
324 923 382 990 καί
406 923 493 1010 πῦρ·
530 917 710 1012 ἀμφότερα
733 922 769 990 hh
790 919 938 989 κλίνεται
963 919 1018 990 circi
1045 925 1108 992 τοῦ
1130 912 1200 1015 poc]

104 1027 167 1092 tttnt
193 1025 301 1112 procui
331 1027 418 1090 dubio
448 1047 515 1090 cuns
545 1018 646 1113 ον’ρη,
676 1017 807 1112 coopto,
837 1019 1001 1112 συρφετός
1028 1037 1060 1092 ct
1089 1029 1201 1094 ceteris

103 1129 175 1192 rcrhi
204 1120 296 1216 σίριο
327 1128 509 1213 germinibus
525 1131 570 1214 ¹⁰)
600 1140 759 1214 cognatum
789 1137 837 1192 est
865 1127 1020 1212 potiusque
1049 1123 1201 1216 φορυτόν

104 1251 178 1315 poam
199 1227 346 1318 φορτίον
367 1230 532 1315 significan
565 1251 633 1294 nom
657 1225 803 1317 φοροτός
825 1239 856 1294 ct
877 1227 1041 1316 συρφετός
1065 1253 1202 1320 synony-

103 1355 142 1398 ma
161 1344 240 1397 sunt.
282 1333 493 1398 Praetermitto
514 1333 577 1420 νῦρ
601 1333 750 1416 decrepita
772 1342 870 1396 aetate
892 1333 1044 1415 recepturis
1066 1354 1119 1416 pro
1140 1332 1203 1401 ttri-

104 1460 160 1524 ριε,
181 1434 316 1520 exempli
339 1455 427 1500 causa
450 1428 476 1500 oi
497 1434 559 1522 κῦρ
581 1433 739 1503 Bouttos
760 1433 897 1499 Eustath.
917 1431 1026 1518 Opusc.
1048 1433 1124 1512 337,
1144 1436 1199 1502 48.

106 1559 133 1602 v.
155 1537 290 1622 Ducaug.
318 1536 417 1600 Gloss
453 1535 613 1601 Nominum
635 1538 668 1602 in
687 1522 737 1624 op
759 1536 896 1621 exempla
917 1545 1045 1618 quatuor
1066 1539 1203 1622 proponit

105 1639 305 1728 hhecgncstus
329 1637 429 1702 Cram.
453 1637 478 1702 1.
504 1637 577 1704 133.
608 1635 695 1726 φοίρ,
728 1639 778 1724 qni
806 1638 1005 1702 nominativos
1032 1636 1144 1724 iegitur
1168 1640 1202 1704 in

104 1739 201 1804 Julian.
224 1741 334 1825 Epigr.
356 1739 441 1804 Xlli.
470 1741 548 1805 male
575 1743 785 1806 circumflexos
812 1763 859 1826 ap.
885 1740 1015 1805 Gellium
1037 1740 1061 1804 I.
1089 1739 1142 1806 18.
1170 1753 1202 1808 ct

103 1841 182 1920 alios,
213 1838 307 1930 Νοίρ
331 1837 443 1929 ὄνομα
467 1846 612 1922 ἔθνους,
641 1837 726 1931 σοίρ,
755 1835 841 1930 σνιίρ
868 1838 907 1909 τὸ
933 1837 1128 1929 οὐδέτερον,
1160 1864 1202 1910 cx

104 1965 152 2026 quo
172 1945 343 2031 colligimus
365 1945 395 2008 it
416 1945 494 2030 quoti
514 1945 666 2010 antecedit
690 1967 759 2010 esso
781 1945 863 2010 urhis
885 1945 960 2032 Tyri
982 1967 1092 2008 nomen
1114 1946 1200 2010 femi-

103 2047 205 2126 ninum,
230 2049 312 2132 quod
334 2047 404 2111 oiihi
427 2041 495 2135 Σοίρ
520 2057 551 2112 ct
572 2043 664 2134 Σούρ
686 2047 828 2113 scribitur
835 2073 847 2125 ς
875 2045 973 2112 Nores
996 2067 1069 2132 gens
1090 2047 1202 2116 iterum

104 2160 275 2214 memoratur
298 2150 331 2212 in
352 2147 467 2222 Ancon.
490 2149 527 2215 Τ.
549 2149 574 2216 1.
598 2149 674 2215 449.
697 2151 845 2216 incertum
867 2148 997 2214 Noranis
1020 2169 1059 2212 nn
1080 2147 1201 2214 Noricis

103 2251 194 2316 affinis.
224 2247 328 2337 Σκοίρ
351 2262 517 2336 oxytonum
539 2263 588 2317 cst
608 2253 642 2316 in
656 2254 730 2317 Eud.
745 2259 823 2317 vett.
839 2251 993 2335 Aristoph.
1009 2251 1105 2314 Rann.
1124 2249 1199 2316 146.

105 2349 171 2417 Plnt.
192 2351 266 2419 305.
302 2353 353 2416 uhi
374 2353 543 2418 Brunckius
570 2351 686 2441 σκῶρ,
715 2366 855 2440 tanquam
881 2354 1078 2418 masculinnm
1106 2363 1200 2430 osset,

106 2454 225 2539 scripsit,
255 2457 291 2520 in
316 2455 430 2519 Anccd.
459 2454 554 2520 Bckk.
584 2478 613 2540 p.
640 2455 735 2522 1208.
765 2455 891 2539 aliisque
915 2455 993 2534 'locis
1020 2455 1057 2518 ad
1084 2453 1198 2540 Phrpn.
1245 2529 1247 2534 ¹

106 2573 131 2636 p.
144 2553 213 2620 293.
236 2557 392 2633 indicatis.
414 2557 467 2622 scd
489 2551 779 2640 circumflectendom
802 2577 882 2634 esse,
904 2567 939 2631 ut
959 2567 1060 2621 cetera
1079 2567 1200 2633 neutro,

107 2657 239 2723 credimus
261 2659 395 2743 antiquis
416 2681 449 2724 v.
469 2659 618 2725 Theodos.
642 2662 678 2725 dc
699 2662 826 2725 Accent.
850 2681 881 2744 p.
900 2655 974 2724 198.
997 2657 1092 2743 Regg.
1111 2657 1199 2724 Pros.

107 2776 130 2838 p.
149 2759 219 2826 449.
250 2761 389 2844 exceptis
418 2761 468 2846 qui
495 2762 596 2827 dorice
624 2763 828 2848 scripserunt3
866 2761 977 2827 etenim
1003 2759 1135 2824 Joanucs
1163 2759 1201 2826 dc
1253 2827 1256 2839 ,

107 2856 170 2924 Tou.
191 2885 221 2948 p.
245 2863 280 2928 7.
310 2859 349 2928 cd
372 2865 459 2950 σκῶρ
480 2867 619 2950 Δωριεῖς
643 2888 748 2954 φασιν
769 2855 915 2944 ὁξοίνειν·
946 2863 1023 2948 quod
1044 2863 1072 2927 si
1092 2882 1218 2928 verum·

51 2969 55 2982 '
108 2971 160 3037 cst,
189 2965 266 3030 male
296 2986 391 3050 nuper
416 2966 449 3030 in
475 2968 643 3053 Epicharmi
669 2967 808 3033 versibus
834 2965 946 3030 Athen.
969 2955 1035 3030 VII.
1059 2961 1134 3030 319.
1162 2963 1198 3028 tt.

108 3057 171 3128 tto.
190 3067 225 3130 G.
248 3087 306 3152 pro
328 3079 465 3155 oxytonc
486 3091 504 3135 e
526 3071 611 3136 codd.
633 3069 780 3137 tuccessit
801 3069 1037 3135 circumflexum.
1076 3065 1201 3133 Romani

113 3229 309 3250 *a

166 3352 206 3420 19)
225 3350 332 3426 ‘hripis
349 3358 406 3410 sivo
423 3354 506 3427 ίροίξ,
530 3359 598 3430 quoti
616 3361 708 3414 Soidos
727 3369 754 3414 ct
770 3361 914 3432 Hesychius
932 3359 1137 3426 interpretantur
1152 3355 1201 3423 μί-

109 3427 177 3500 γδην,
200 3440 267 3492 idem
285 3449 326 3494 est
344 3445 411 3510 quod
431 3441 533 3515 φύρδην
553 3454 581 3498 ct
598 3446 708 3500 fortasse
726 3449 822 3500 rectius
842 3447 967 3498 scribitur
986 3440 1070 3513 ίρραξ
1090 3448 1121 3492 ut
1143 3455 1200 3490 aeo-

111 3513 188 3585 licnm;
206 3526 362 3597 berytonnm
380 3538 450 3582 certe
468 3538 509 3582 cst
526 3532 552 3582 in
570 3531 665 3585 Anech.
679 3533 764 3586 Crann.
777 3532 808 3584 11.
823 3532 867 3594 93,
882 3533 925 3589 19.
944 3528 1098 3581 19118141ίὶ1ῦῦ
1115 3525 1199 3592 P·13›

110 3601 144 3654 45·
160 3604 261 3679 ”Yp’picc
282 3610 376 3682 κίριον
398 3607 539 3680 αίοίικίν,
562 3611 608 3670 διδ
629 3623 676 3672 καί
691 3615 841 3686 ‘prtoirov
873 3611 925 3683 ὄψ’
942 3605 975 3668 οὗ
991 3606 1200 3680 πατρωνυμαδν

110 3683 241 3762 'Pittheo
266 3691 334 3768 ὅπερ
351 3695 382 3753 cc‘
395 3697 680 3773 Aioisichpip‘nihnot.
717 3703 766 3755 Sed
784 3704 810 3754 id
828 3703 893 3754 alios
914 3715 959 3768 pro
978 3697 1105 3762 adjectivo
1123 3711 1199 3748 usur·

111 3783 171 3834 passe
185 3795 215 3830 en
229 3782 356 3853 Hesychio
373 3795 479 3854 apparet
494 3783 638 3858 ‘reputor
654 3783 671 3840 ὅ
685 3781 792 3851 ἄδοξος,
810 3784 924 3852 εἰκαῖον,
943 3785 987 3836 uhi
1003 3784 1143 3850 aspiratum
1159 3789 1201 3834 cst

113 3861 232 3918 nonomen
250 3873 382 3937 proprium
400 3874 467 3940 apud
484 3873 638 3938 Diogenem
663 3881 691 3925 et
706 3869 859 3942 Συρῥοίὸιον
874 3866 985 3941 μικτόν,
1009 3865 1118 3923 εἰκαῖον.
1151 3867 1199 3919 Hc·

112 3944 217 4002 rodianus
233 3972 264 4006 π.
279 3961 356 4011 Μον.
374 3975 398 4026 p.
419 3961 466 4020 18,
486 3959 510 4011 9.
531 3975 589 4010 cum
606 3955 739 4031 ιίρροίὸιοσ
755 3959 881 4025 componit
896 3950 1060 4024 θνητοίδιοτ,
1077 3943 1201 4023 κροπτί-

113 4019 171 4093 901,
191 4035 350 4107 novatum,
373 4040 542 4114 μιχθοίδιοτ,
564 4042 731 4114 meinaim,
753 4038 893 4108 ίοοοίδιος,
920 4058 1027 4110 quorum
1046 4039 1152 4091 tertium
1173 4037 1200 4088 in

111 4111 237 4262 {tvpp'groc
252 4129 418 4192 mutandum,
443 4147 533 4182 nornen
551 4131 676 4184 aeolicum
693 4147 719 4184 v.
740 4129 903 4199 Stephanus.
924 4131 1030 4184 Mucio·
1049 4125 1082 4178 cf·
1102 4123 1197 4178 Αῠθθᾶ·

128 4229 134 4244 ·
199 4243 207 4266 ,
227 4211 268 4265 16.
805 4215 819 4250 ¹*
