2940 4894
246 317 296 387 00
606 316 924 386 ὓῐδὸΕΒΤΑΤΙΟ
953 315 996 384 ll.

247 517 390 564 manuum
407 496 513 562 docuit
534 497 647 563 Orion:
678 489 830 586 μαλακός
853 498 1007 590 συγκοπῇ
1027 491 1132 584 μαλε,
1154 495 1267 589 τροπῇ
1286 493 1362 582 (uel

247 599 447 690 μεταθέσει)
470 593 571 688 βλάξ,
601 603 637 666 'ut
658 603 745 665 modo
772 601 836 664 dixi
860 601 1010 685 plumbum
1038 595 1231 688 ομόλοβος
1258 611 1361 664 ortum

249 725 336 782 esse3
360 718 485 788 quarum
507 703 671 767 formarum
693 725 729 768 ea
752 703 823 766 mihi
844 705 938 788 magis
957 703 1109 788 primitive
1127 703 1260 779 videtur,
1284 723 1362 788 quae

248 806 285 896 ad
306 806 562 890 pronunciandum
584 805 702 870 facilior
724 815 783 880 est,
808 827 904 888 neque
921 805 1100 868 Buttmanuo
1121 807 1231 870 accedo
1249 805 1364 890 princi·

247 907 305 994 piis
328 907 502 995 duplices
480 908 561 991 assi
545 916 638 970 ‘alnao
639 907 664 971 is
685 893 765 994 pelo
788 894 873 988 «W,
892 894 962 986 ᾗ,
985 890 1060 987 ride,
1083 929 1209 990 quorum
1231 908 1362 992 primum

248 1011 290 1092 elt
308 1030 360 1073 ore
384 1009 567 1074 Graecorum
590 1031 714 1094 prorsus
737 1009 890 1086 abhorret,
914 1009 1086 1094 sedopotios
1109 1011 1248 1096 ἔμολον,
1271 1013 1364 1076 ἔθα-

247 1133 328 1192 τοτ,
364 1111 545 1196 primitivam
575 1112 659 1178 verbi
688 1113 817 1197 speeiem
847 1115 1075 1196 repraesentare
1104 1123 1216 1178 statuo.
1266 1103 1368 1200 Κρᾰξ
1460 1131 1461 1176 ῑ

247 1215 378 1278 fortasse
401 1214 550 1277 sermonis
572 1213 680 1298 plebeji
702 1225 732 1278 et
754 1213 860 1278 comici
879 1213 1058 1278 ·vocabulum
1081 1225 1143 1292 est,
1168 1215 1246 1280 idem
1268 1214 1368 1300 signi·

247 1313 341 1380 licens
363 1317 439 1400 quod
461 1315 578 1401 τέτραξ
600 1316 690 1378 lirae.
712 1337 741 1398 p.
761 1313 821 1391 51,
839 1315 891 1382 12.
917 1315 1041 1382 loseor.
1060 1317 1193 1382 Gratum.
1217 1339 1247 1402 p.
1265 1318 1303 1380 D.
1324 1317 1364 1379 ii.

161 1443 163 1446 ·
248 1439 414 1512 quamquam
434 1417 609 1503 Spitzoerus
631 1417 669 1479 de
688 1417 812 1480 Prosod.
832 1439 862 1502 p.
881 1416 936 1482 40.
962 1429 993 1482 et
1011 1418 1065 1482 45.
1090 1441 1144 1503 pro
1168 1419 1224 1484 hoo
1244 1419 1369 1504 τέτραξ

253 1521 411 1605 supponit,
440 1542 494 1605 pro
516 1519 569 1582 illo
593 1510 701 1604 Θρᾷξ,
729 1521 805 1602 quod
827 1541 938 1584 vereor
960 1541 999 1584 ue
1020 1541 1038 1586 a
1060 1522 1214 1605 proposito
1234 1521 1368 1585 alieuius
1460 1519 1461 1540 .

170 1647 172 1651 ¹
247 1619 305 1698 sit,
336 1622 441 1706 quippe
465 1641 620 1685 commuue
650 1621 773 1684 duobus
792 1623 971 1706 generibus
982 1633 1014 1687 ct
1038 1633 1145 1688 nature
1167 1623 1364 1709 ltisyllabum.

248 1723 349 1788 Schol.
375 1725 482 1808 Odyss.
506 1722 562 1785 Xl.
587 1719 662 1786 408.
694 1721 860 1811 βέβακται
886 1718 1140 1812 πεφλυαρηται,
1172 1729 1278 1794 ἔνθεα
1305 1724 1368 1792 καὶ

246 1816 312 1914 piei&
333 1822 351 1890 d
373 1817 528 1912 τροίκτης,
551 1847 604 1908 pro
627 1847 686 1909 quo
707 1825 807 1890 Sehol.
825 1827 946 1891 Medici.
971 1823 1084 1914 βαβαξ
1106 1838 1139 1890 ut
1161 1827 1244 1892 Suid.
1268 1825 1368 1913 παροῖ

245 1921 397 2020 τὸσβιὶζα
420 1921 487 2016 fide
513 1927 578 1994 καῖ
597 1926 683 1994 need
708 1922 1030 2015 dvcdmlooeoopto'v
1056 1922 1181 2018 βάβαξ.
1224 1928 1368 1996 Nominis

246 2023 336 2108 πταξ
357 2030 502 2114 pluralem
523 2025 650 2104 πτάαες
675 2030 877 2115 exsigaacuot
902 2045 1021 2096 veteres
1044 2031 1282 2117 texieograpti,
1313 2053 1369 2096 ee*-

248 2134 402 2198 cusativus
424 2125 538 2198 πτοῖκα
561 2132 673 2222 legitur
699 2135 775 2217 apud
795 2133 978 2220 Aeschylum
1003 2145 1140 2218 correpta
1167 2135 1268 2218 priore
1290 2137 1368 2220 juu-

247 2247 373 2320 etusque
389 2235 538 2322 adjectivo
555 2235 718 2312 feminium
744 2257 833 2320 quam
850 2238 972 2321 generis
991 2240 1185 2304 mutationem
1201 2237 1367 2302 Passovius

244 2339 277 2403 in
301 2360 390 2404 eausa
413 2339 506 2429 fuisse
529 2349 631 2423 putat,
662 2359 717 2402 eur
738 2337 952 2422 alpltaeontra
972 2341 1121 2430 ratioaem
1144 2339 1363 2424 corriperetur.

189 2480 191 2486 s
244 2440 359 2506 Verum
383 2443 537 2506 enimvero
559 2462 671 2505 nomeu
694 2441 816 2505 verbale
838 2433 942 2522 πτοῖξ,
964 2444 1044 2508 sieut
1062 2439 1178 2530 ἅρπαξ.
1196 2437 1366 2530 (ἅρπαγας

243 2535 347 2632 αὖραι
368 2543 470 2626 Noun.
494 2541 604 2608 XLVI.
630 2543 722 2630 351.)
754 2555 785 2608 ct
813 2543 914 2608 omnia
944 2545 1031 2631 ltojus
1060 2557 1170 2622 uotae,
1203 2545 1365 2630 utriusque

151 2647 153 2656 ⁴
244 2646 367 2732 generis
390 2658 498 2710 natura
524 2648 672 2734 particeps
696 2657 760 2724 est,
793 2669 890 2732 neque
912 2669 1043 2732 unquam
1071 2667 1138 2713 cum
1160 2669 1273 2732 genere
1296 2669 1367 2712 mu-

175 2768 178 2772 ·
243 2761 327 2814 latur
347 2749 504 2834 prosodia,
528 2771 563 2813 ae
585 2750 700 2814 vocalis
722 2750 824 2814 brevis
847 2761 894 2814 est
915 2751 947 2814 io
969 2743 1222 2830 αατααταααα.Ι
1239 2751 1287 2819 eui
1311 2773 1365 2815 co-

244 2861 368 2940 gnatum
388 2852 509 2918 videtur
529 2851 704 2916 adverbium
723 2845 890 2926 πτακοῖὃις
906 2852 1102 2938 Theogoost.
1103 2854 1211 2926 Crem.
1227 2851 1264 2916 ll.
1283 2851 1361 2918 163.

243 2951 384 3040 Πράκες
417 2954 498 3038 (eod
527 2955 681 3040 Πρακες)
714 2955 921 3040 Stephanus
911 2976 943 3016 m
973 2953 1160 3044 catplogum
1171 2955 1363 3026 ethnicorum

243 3057 361 3120 reterre
383 3077 445 3119 non
467 3057 616 3122 omisits.
637 3057 809 3149 Πρακίατ,
833 3053 894 3122 odo
910 3051 1063 3151 Πραρα
1066 3041 1155 3136 Paos.
1175 3057 1226 3120 lll.
1248 3055 1304 3134 20,
1324 3055 1361 3122 8.

242 3169 395 3242 correpta,
419 3159 446 3222 si
468 3171 625 3224 accentum
645 3163 809 3260 sequimur,
833 3160 955 3254 priore-p
981 3157 1112 3246 seipso
1128 3151 1267 3245 liptinas
1286 3160 1363 3226 ἔλα-

247 3285 307 3349 φοι
335 3259 467 3347 Hesyeh.
498 3264 562 3348 jam
588 3264 708 3356 pripres
737 3263 879 3328 viderunt
909 3261 1033 3382 modum,
1039 3263 1245 3326 scribendum
1275 3283 1359 3326 esse.

146 3375 148 3382 “
243 3360 313 3442 Aoi&
334 3363 499 3428 affectura
521 3365 799 3456 LaseatliGramm.
824 3387 854 3450 p.
875 3366 913 3429 tt.
927 3365 969 3430 οἳ
995 3357 1079 3450 eujus
1101 3365 1256 3448 pluralis
1245 3386 1278 3428 an
1300 3385 1361 3428 usu

244 3477 291 3532 'est
309 3457 417 3540 Δάτος
438 3477 470 3530 ct
488 3461 623 3542 Erineos
622 3449 729 3553 Θρᾷξ
751 3489 805 3532 cur
823 3469 920 3534 Draco
942 3467 1206 3552 praetermiserit,
1202 3477 1247 3538 et
1252 3449 1359 3566 epidi,

244 3590 334 3634 eausa
355 3569 388 3632 io
409 3581 525 3654 aperto,
535 3559 602 3634 det
624 3572 733 3635 addere
753 3582 871 3656 poterat
886 3563 969 3647 Ῥᾶξ
988 3570 1105 3634 insulae
1126 3559 1235 3660 nomeu
1254 3590 1272 3632 a
1286 3562 1359 3632 Ste-

242 3671 341 3770 phano
362 3673 524 3738 memoriae
525 3657 695 3758 ploditum
721 3684 753 3737 et
773 3675 902 3738 fortasse
925 3671 1131 3755 compluscula
1145 3644 1225 3757 alid,
1257 3662 1360 3748 Καοῖξ

97 3773 99 3778 ’
207 3767 328 3868 ‘polio
358 3769 478 3842 luendo
500 3775 630 3862 Hesyeh.
663 3778 748 3861 cujus
777 3787 861 3840 areta
888 3785 936 3840 est
964 3791 1030 3838 cum
1059 3773 1208 3860 adjectivo
1233 3767 1358 3859 ατηκός
1460 3865 1461 3868 ¹

243 3899 297 3950 seu
311 3869 442 3966 ατακός
464 3877 603 3964 cognatm
611 3927 622 3958 ,
653 3881 815 3963 eodemque
837 3879 969 3961 pertinet
990 3876 1150 3962 Porphyrii
1173 3877 1356 3960 interpreta-

225 3981 285 4060 ‚tio
308 4002 355 4064 ap.
375 3981 502 4065 Bentlej.
523 3965 586 4066 Ep.
599 3984 635 4048 ad
654 3982 731 4047 Mitt.
754 4003 785 4066 p.
804 3973 880 4044 493.
904 3973 986 4058 κοάξ
1008 3977 1026 4045 ὁ
1047 3971 1170 4068 τράγος
1192 3972 1271 4044 dael
1291 3978 1356 4044 coti
1460 4029 1461 4032 ,

242 4073 389 4154 τονΙωτ.
438 4082 518 4146 ldem
548 4083 721 4170 Hesychius
746 4075 1119 4170 Βρᾶκοςοῖααξορίδες,
1156 4103 1231 4168 quae
1260 4081 1354 4165 vulgo
1460 4153 1461 4172 χ

240 4179 352 4274 pipulum
381 4193 412 4249 et
439 4183 584 4249 dracoue·
597 4188 749 4252 dicuutur.
801 4186 937 4251 Tertium
966 4197 1013 4252 est
1040 4178 1099 4264 λάξ
1128 4181 1148 4252 ὁ
1174 4181 1244 4254 aiod
1272 4179 1355 4258 cutis
