2914 4882
259 277 330 344 scs
620 274 933 368 orssuurtrro
964 277 1002 342 v.

209 471 212 484 ·
258 456 433 533 voluerunt,
457 457 501 521 sic
522 465 557 520 ut
577 449 706 542 περσίση
726 456 835 522 dicitur
855 477 891 520 oc
912 451 1049 544 περαία,
1077 450 1226 548 ἐσχατιαί,
1251 455 1342 526 dves&

258 558 325 646 λίη,
352 559 429 643 quod
460 580 550 642 quum
573 559 746 642 plerumque
775 580 829 643 pro
859 553 1010 646 α’νατολή
1033 559 1193 642 valect⁶⁹),
1215 559 1286 624 idem
1305 573 1342 624 te·

254 681 328 726 meu
348 661 496 746 adjective
517 661 625 724 dicitur
646 655 786 747 σίνσολίη
806 656 934 750 σ’ίροαρα
955 661 1057 726 Nonu.
1076 661 1175 726 XXV.
1197 659 1247 726 98.
1272 684 1343 726 ncu-

219 803 228 818 =
256 761 354 846 sitque
376 763 487 826 hocin
509 762 623 829 novitio
652 764 772 828 nomine
793 763 913 830 Natolia
940 775 972 828 et
1002 763 1036 828 iu
1063 763 1181 848 proprio
1203 763 1342 828 Anatolics

180 891 185 900 ·
256 875 292 928 ut
315 864 488 949 Eutropius.
755 911 839 1035 .§6

340 1051 492 1117 Hactenus
514 1053 728 1138 disputavimus
753 1055 793 1118 de
816 1053 1005 1130 nominibus,
1036 1053 1142 1139 quibus
1170 1073 1219 1118 res
1245 1051 1345 1137 signiti-

157 1162 161 1179 ¹
257 1164 364 1218 eantur
379 1175 567 1238 corporeae,
592 1177 716 1239 quorum
746 1156 774 1219 si
797 1157 926 1220 maxime
955 1179 1024 1240 pars
1046 1158 1088 1220 ita
1113 1165 1275 1240 comparatu
1295 1164 1345 1230 est,
1421 1195 1422 1210 .

254 1266 290 1320 nt
311 1277 352 1320 ex
372 1257 528 1342 adjectivis
551 1269 621 1320 ncta
651 1279 717 1321 esse
748 1257 903 1335 videatur,
934 1259 1009 1324 nihil
1037 1270 1099 1322 tem
1129 1268 1347 1322 cousentaneum

255 1367 314 1434 est,
339 1379 426 1442 quant
449 1360 571 1422 eandem
595 1360 796 1444 suspicionem
820 1361 985 1424 transferre
999 1361 1031 1424 in
1055 1361 1236 1426 eontrarium
1251 1377 1345 1442 genus.

253 1460 298 1524 Ac
315 1459 379 1546 jam
401 1461 461 1524 alio
484 1472 617 1544 tempore
640 1464 675 1526 ad
697 1463 745 1546 Aj.
768 1485 799 1526 v.
823 1459 898 1528 298.
925 1484 1064 1548 magnum
1098 1461 1236 1530 contraxi
1257 1478 1347 1522 uume-

255 1585 323 1626 rum
352 1563 587 1647 adjectivorum,
618 1563 723 1647 quibus
746 1563 804 1627 diei
835 1565 991 1649 noctisque
1019 1577 1120 1650 portes
1143 1563 1346 1650 significentur,

254 1658 431 1752 σῖμφιλσίκη
450 1663 479 1728 v.
492 1665 569 1729 Voss
602 1667 638 1728 ed
655 1667 740 1730 Aret.
756 1664 831 1729 746.
857 1662 921 1753 ἑῴα
941 1669 1006 1732 sive
1020 1664 1111 1754 ησίη,
1128 1665 1279 1743 ottob),
1300 1665 1347 1726 e'o·
1423 1667 1424 1680 ¹

161 1799 164 1806 ·
210 1800 213 1809 ¹
253 1766 359 1852 θίνη,
389 1765 533 1852 dedolet,
563 1773 692 1852 upote,
723 1768 922 1856 μεσημβρία
953 1769 1187 1857 (μεσημερία),
1210 1762 1347 1848 δειελίνη,

254 1869 389 1956 ἑσπέρα,
413 1867 550 1954 ἑοπερία
569 1870 690 1954 Oppion.
717 1871 793 1958 Cyn.
810 1871 832 1934 1.
861 1869 933 1936 138.
957 1873 1090 1936 Maneth.
1110 1871 1148 1935 11.
1165 1870 1240 1938 422.
1263 1863 1346 1955 ὀψία,
1424 1919 1425 1922 .

253 1969 463 2060 ὄρφναίαἾῐ),
495 1967 594 2058 ζοφία
623 1973 715 2059 Eryc.
743 1974 799 2058 Ep.
831 1973 855 2036 l.
888 1973 919 2038 7.
943 1974 1043 2038 Anuli.
1065 1975 1101 2038 T.
1128 1973 1179 2038 111.
1209 1973 1260 2038 12.
1283 1993 1349 2036 ouc-

253 2072 323 2152 τία,
348 2085 378 2140 et
402 2084 534 2158 tempora
556 2075 626 2138 cuui
649 2074 781 2160 θερεία,
804 2075 966 2166 χειμερία,
988 2075 1162 2167 χειμερίνη
1183 2073 1306 2139 Herode.
1326 2069 1346 2132 t.

253 2176 330 2244 292.
355 2173 474 2264 doato,
495 2177 739 2264 anemonen),
763 2179 897 2263 coelique
919 2180 1077 2263 qualitates
1099 2177 1236 2264 αἰθρία,
1258 2174 1349 2264 γαίη·

251 2278 353 2362 ναία,
375 2273 489 2354 εὐδία,
511 2281 678 2369 νηνεμία,
708 2280 874 2368 soctan),
898 2303 1024 2366 quorum
1046 2284 1202 2347 nominum
1224 2279 1349 2366 pleraque

251 2437 460 2470 lm

321 2541 366 2606 99)
383 2540 476 2592 Differt
493 2541 540 2592 boe
557 2541 589 2592 cb
607 2536 762 2614 σίνσῤῥσαίσ
781 2549 808 2595 et
826 2542 1008 2614 acreddendae,
1026 2537 1191 2608 α’ποτομία,
1207 2534 1350 2602 increduius

250 2626 391 2695 ἐντροπία,
410 2629 542 2690 οσντονίο,
553 2625 711 2698 doomonte,
729 2631 868 2706 συντομία,
887 2630 1047 2696 συστροφίο,
1071 2628 1141 2694 quod
1160 2625 1224 2676 baec
1241 2633 1350 2690 perasyu:
1427 2639 1428 2694 p

251 2713 325 2764 tbcte
343 2719 405 2764 sunt
422 2727 469 2764 uec
486 2713 542 2764 sine
561 2713 647 2780 ulique
665 2713 861 2778 significationis
879 2713 1044 2774 discrimine;
1062 2707 1181 2778 οἱνσολίη
1199 2724 1260 2762 vero
1276 2717 1351 2758 merus

251 2805 293 2849 est
309 2797 567 2865 paresebemstismus
585 2807 616 2850 ut
632 2794 813 2866 deotpertus,
835 2796 990 2866 συνηβολίῃ,
1009 2793 1168 2864 ἐπιδρομίη.

321 2881 365 2948 79)
381 2883 503 2935 Eustutb.
523 2901 548 2952 p.
569 2885 644 2947 1505,
665 2883 690 2935 9.
710 2881 840 2954 σ’ναίογοῖ
851 2880 881 2936 τό
897 2879 982 2936 ἔνδιος
995 2879 1064 2950 orode
1085 2875 1118 2934 sd
1134 2879 1222 2935 siidaos
1235 2870 1265 2934 od
1275 2873 1351 2944 θρίν-

250 2963 298 3022 adv
310 2962 393 3030 σίδία,
410 2960 425 3022 d
438 2969 512 3023 ἐστιν
525 2965 642 3038 είσερία.
668 2970 761 3021 Suides
773 2966 862 3023 11ίὸιό
875 2963 890 3038 η’
906 2963 969 3022 ἔνου
983 2964 1092 3037 ἀνίμων
1105 2963 1208 3036 ἡμέρα.

201 3093 211 3111 .
321 3053 365 3118 71)
382 3050 566 3125 Δι’ὄρφναίασ
586 3056 651 3107 Eur.
672 3057 758 3123 soppt.
787 3056 846 3108 991.
872 3049 1082 3124 φάος-ὀρφναίη
1104 3054 1227 3120 Apellen.
1251 3049 1280 3104 11.
1299 3045 1349 3100 979.

251 3139 414 3192 Primitivnrn
432 3133 519 3210 ὄρφνη
542 3141 608 3192 nihil
632 3143 704 3194 uliud
722 3149 771 3202 est,
798 3155 874 3208 quum
893 3140 1049 3205 adjectivum
1071 3137 1237 3191 substantivi
1255 3139 1350 3187 ccccm

251 3233 367 3278 nodutum
385 3226 538 3292 saepiusque
556 3221 643 3294 ὄρφνὴ
667 3229 792 3283 scribitur
814 3236 845 3280 ut
862 3226 932 3278 Stob.
953 3225 1024 3276 Flor.
1045 3221 1169 3282 LXXIV.
1198 3225 1241 3276 91.
1260 3238 1284 3288 p.
1299 3221 1350 3275 115,

217 3317 219 3324 “
251 3312 293 3365 18.
315 3311 508 3380 qupigr.ep.
529 3311 700 3376 Diog.Le.1
730 3351 736 3364 .
762 3315 803 3368 ts.
833 3329 878 3380 pre
903 3328 951 3379 qno
977 3311 1004 3362 in
1021 3311 1100 3363 tntu.
1127 3310 1159 3362 P.
1180 3306 1229 3362 IX.
1255 3324 1280 3358 n.
1300 3302 1349 3356 519.

250 3390 470 3464 decerpentium,
495 3405 617 3449 neutrum
641 3313 728 3474 mg
749 3401 799 3452 etsi
824 3399 890 3450 illud
914 3395 1178 3475 rejicitscbaeierus
1196 3396 1229 3446 sd
1247 3391 1349 3454 recogn.

252 3481 330 3536 1975.
350 3481 444 3534 Suidus
459 3479 562 3552 Ὀρφνὴ
580 3479 709 3545 ὀξυτόνως
724 3488 818 3538 σκοτία
832 3482 888 3546 νίξ.
1080 3545 1082 3549 ι

320 3567 366 3635 72)
383 3567 494 3620 Verbele
511 3571 616 3634 videtin
643 3578 674 3622 ut
700 3571 835 3630 alumnus,
860 3568 1034 3632 Vertumnus;
1059 3583 1204 3638 pernuvino
1222 3567 1350 3634 pilumnus,

250 3654 399 3706 Picumnus.
436 3655 504 3708 Idem
522 3661 696 3708 contemnum
716 3657 813 3706 dicitnr
830 3671 923 3720 genere
940 3663 1033 3708 neutro
1050 3656 1223 3714 othomam,
1242 3662 1350 3704 semum·

1423 2963 1428 3010 1

320 3740 366 3807 73)
385 3740 664 3794 flom.1tv11t.·3dt.
681 3740 775 3810 καρπῷ
792 3744 949 3810 βριθομένη
971 3744 1076 3813 νοτίῃσί
1094 3759 1123 3794 τε
1147 3734 1292 3810 εἰαρίνησσ,
1310 3732 1352 3784 Eu·
1426 3727 1428 3752 ÷

251 3826 481 3894 stetbiusp.715,
500 3829 525 3888 2.
546 3828 649 3894 supplet
665 3829 778 3888 πνοαῖς,
798 3826 909 3882 fortusse
927 3843 961 3878 ex
980 3827 1073 3897 Odyss.
1093 3825 1150 3879 Vtt.
1174 3825 1235 3878 119.
1257 3821 1354 3892 ζσφνοῖη

250 3917 384 3978 πνείουσα,
401 3914 470 3966 unde
492 3913 615 3982 Jiespcbii
633 3913 719 3977 glossa
739 3914 834 3980 pendet
857 3917 973 3982 Ζεφυρίη
998 3909 1017 3980 η’
1039 3911 1121 3981 πνοή.
1161 3911 1217 3966 Sed
1238 3915 1285 3964 boc
1305 3911 1352 3959 loce

251 4000 415 4067 perticipium
432 3998 561 4064 adjectum
579 4007 620 4050 est
637 3998 761 4063 ejusmodi
780 4007 810 4050 ut
824 4015 913 4050 nomeu
928 3995 1001 4065 πνοή
1020 4014 1052 4050 ue
1066 4000 1236 4053 desideretur
1250 3997 1351 4067 quiden,

251 4085 307 4136 ittic
324 4089 403 4140 νοτία
415 4085 573 4138 substantivi
591 4085 674 4138 lecum
693 4085 794 4138 obtinet
813 4091 843 4136 nt
856 4083 965 4136 Aristot.
987 4083 1018 4136 tt.
1040 4085 1108 4138 Anu.
1128 4084 1162 4140 V.
1186 4085 1229 4140 17.
1251 4080 1316 4152 (tt.)
1330 4079 1352 4136 2·

250 4164 326 4226 ev’dltt
338 4177 383 4226 seb
395 4174 482 4228 νοτία.
