2926 4886
239 349 314 418 ΙΜ
587 345 902 413 1118811111Α710
925 345 989 411 111.
1018 332 1023 348 ’

108 598 111 602 ,
241 526 342 604 θείας
361 555 385 616 η
370 525 641 616 mindonensis
666 521 728 594 orie
750 529 843 594 ἔστιν
865 521 988 616 εὑρεῖν,
1012 547 1087 612 qnae
1109 527 1196 612 paulo
1218 525 1353 613 loeuple-

243 632 320 696 tiora
342 641 374 695 et
394 632 599 696 emendatiora
621 631 813 714 leguntnrp.
839 628 893 694 79.
918 629 1045 711 (Aneod.
1071 629 1166 694 Belak.
1144 653 1225 758 Ἳμ
1251 628 1357 694 1383.’

243 735 289 815 Ιι.)
311 736 358 808 εἰς
379 755 426 799 αιν
430 729 630 856 Νοὐδέτερον
645 729 875 820 μονογενὲς
850 757 873 818 η
898 735 945 805 εἰς
963 755 1016 858 ῳν
1030 757 1052 858 ρ
1040 729 1120 806 εἰς
1139 729 1223 819 ανῆ
1244 735 1291 806 εἷς
1312 753 1354 798 εν

240 833 331 922 risle
357 859 391 902 ιν
419 829 651 922 palaemonis
674 838 768 900 ἔστιν
789 831 913 921 εὑρεῖν·
934 834 971 901 τέ
999 859 1064 923 γαρ
1085 832 1233 922 ἰθέτρην
1256 831 1354 920 παραὶ

242 935 441 1026 Δημοκρίτῳ
474 932 802 1026 βεβίαιιται·αὕτως
825 930 1044 1023 Ἠραδιανός.
1088 937 1143 1002 Ηίε
1166 957 1355 1022 veroquam

242 1042 278 1105 de
298 1037 495 1105 substantivis
517 1040 658 1124 loquutus
680 1041 731 1116 sit,
755 1060 808 1124 pro
821 1036 990 1136 'idduppm
1014 1041 1100 1125 quod
1103 1035 1186 1125 prius
1199 1061 1253 1125 pro
1269 1029 1356 1106 ted-

96 1151 103 1168 '
240 1166 366 1230 τρητον
389 1143 502 1226 nooepi,
524 1143 604 1206 aliud
621 1143 741 1241 a—uquiri
755 1155 873 1240 oportet
888 1144 1058 1228 exemplum
1075 1143 1225 1227 proposito
1239 1141 1351 1226 aptius.

195 1327 197 1332 ,
243 1247 301 1310 Sed
323 1257 355 1310 et
375 1246 523 1330 adjectiva
549 1246 581 1308 in
612 1269 668 1326 αν,
687 1269 741 1332 ην,
764 1269 797 1312 ιν
827 1256 859 1310 et
879 1233 936 1312 εἶν’
946 1246 1115 1311 nominibus
1138 1244 1277 1308 neutrius
1298 1263 1354 1326 ge-

242 1349 325 1413 neris
346 1349 509 1434 adjungere
531 1348 742 1411 inooneessum
773 1357 980 1432 praeterquam
1009 1348 1042 1411 in
1072 1347 1110 1412 iis
1132 1347 1272 1426 ensibus,
1302 1347 1355 1430 qni

243 1451 375 1516 omnium
391 1471 536 1534 generum
551 1471 723 1514 comumnes
738 1461 821 1526 suut,
844 1446 1065 1540 λασιαύχενος
1079 1445 1209 1536 ἄντρον
1221 1449 1353 1512 Theoer.

241 1554 346 1639 Epigr.
372 1553 410 1616 V.
433 1557 547 1632 πεζοῖς
568 1577 605 1618 τε
627 1552 685 1619 καὶ
716 1549 846 1638 αἰιτῆσι
874 1557 971 1632 ζωαῑς
998 1553 1074 1617 Plat.
1098 1553 1186 1617 Polit.
1209 1549 1285 1617 276.
1310 1550 1351 1613 A.

168 1691 171 1698 ·
243 1659 296 1721 sed
323 1655 403 1740 quod,
429 1655 462 1717 iu
489 1653 568 1733 Adn.
604 1656 640 1718 ad
663 1657 713 1742 Aj.
744 1677 773 1740 p.
801 1655 876 1722 271.
901 1657 957 1720 Ed.
979 1657 1032 1720 -Ρι,
1057 1655 1168 1740 protuli
1190 1675 1231 1718 ex
1252 1651 1354 1716 Eueni

243 1757 346 1844 Epigr.
359 1755 443 1820 Xlll.
468 1752 618 1842 αἰιτῆσιν
642 1758 783 1835 τέκεσιν,
809 1779 845 1822 ea
867 1770 914 1822 est
932 1758 1074 1822 Brunolii
1098 1756 1265 1820 emendatio
1290 1775 1355 1818 non

242 1861 398 1924 admodum
432 1862 615 1924 neeessaria
665 1853 863 1950 Τριγλαέχινι
894 1857 1042 1949 τριγώνῳ
1070 1857 1172 1924 Noun.
1196 1858 1249 1922 Vl.
1275 1847 1352 1922 123
1460 1913 1461 1922 .

242 1957 400 2048 ιῖκαντιῳ
410 1955 599 2053 τριγλώχινι
622 1964 747 2049 Appian.
774 1964 841 2027 civ.
867 1964 904 2027 ll.
929 1962 992 2040 82,
1015 1957 1139 2029 821.”
1116 1985 1194 2048 αορι
1212 1956 1357 2064 τριγλιέ-

243 2085 312 2156 χινι
339 2051 457 2128 Gallim.
492 2065 559 2128 Del.
586 2065 638 2130 15.
670 2087 836 2152 quanquam
865 2067 920 2130 hoo
944 2053 1114 2152 ambiguum
1136 2065 1235 2130 reddit
1256 2055 1356 2149 Hesy-

245 2167 304 2234 ohii
326 2166 426 2290 glpssa
442 2162 569 2256 ”dapar
593 2166 682 2255 ξίφη,
706 2166 899 2254 ἀρσενικῶς.
945 2170 1002 2232 Sed
1024 2169 1106 2256 βέλη
1126 2193 1168 2236 τα
1188 2193 1217 2256 μ
1218 2168 1357 2255 ὲ-νγλα

242 2262 380 2361 pavesci,
402 2295 444 2337 τα
438 2267 500 2338 dd
520 2266 720 2361 τριγλώχινα
744 2271 828 2336 Paul.
853 2272 929 2394 Aeg.
954 2271 1026 2336 Vl.
1032 2293 1059 2336 o.
1084 2269 1137 2336 88.
1162 2284 1194 2336 et
1213 2267 1357 2360 τριγλώ-

243 2395 322 2464 χινα
343 2365 434 2452 τόξα,
456 2372 619 2463 τρίγωνα
631 2376 712 2440 Suid.
735 2386 785 2442 ut:
798 2397 993 2462 vesperorum
1020 2376 1103 2463 βέλη
1122 2371 1166 2442 ἰα’
1189 2374 1357 2462 τέσσαρας

243 2482 376 2566 έχοντα
385 2477 552 2568 γλωχῖναε
569 2477 677 2546 Galen.
702 2477 801 2542 Gloss.
826 2499 855 2562 p.
882 2476 956 2542 578.
980 2479 1017 2541 ad
1039 2479 1198 2544 seeunda'm
1221 2475 1356 2542 deelina-

244 2580 359 2644 tionem
380 2581 491 2645 referri
522 2591 658 2674 possunt.
703 2581 853 2665 Simplicis
884 2581 1053 2665 exemplum
1082 2581 1206 2666 praebet
1232 2580 1355 2644 Themi-

242 2683 320 2747 stius
343 2683 396 2748 01¹.
419 2683 550 2746 XXVll.
574 2681 650 2749 332.
675 2683 713 2746 ll.
737 2688 775 2750 ἐν
796 2679 925 2770 α’φανεῑ
943 2681 1049 2774 χωρίῳ
1072 2679 1150 2750 οὐδὲ
1164 2679 1279 2770 ἡμέρῳ
1296 2681 1358 2749 καὶ

242 2785 368 2871 ἕλληνι,
392 2786 442 2868 qui
464 2785 622 2872 ελληνικῷ
643 2786 776 2850 seribere
801 2796 930 2870 poterat,
954 2798 988 2850 ut
1008 2787 1196 2872 Thueydides
1212 2785 1277 2849 Vll.
1296 2784 1354 2862 60,

241 2887 274 2953 2.
298 2885 424 2976 χωρίον
443 2887 630 2973 έλληνικοῦ,
652 2887 702 2951 vel
724 2899 757 2951 ut
780 2888 928 2972 Philippus
950 2889 1043 2952 Anth.
1069 2889 1133 2954 Pal.
1143 2889 1208 2953 Vll.
1225 2911 1257 2952 n.
1275 2888 1351 2954 385.

244 2988 419 3056 έλλαέικοῦ
443 2980 602 3076 δόρατος,
632 3001 664 3054 et
687 2993 801 3075 majore
824 2991 914 3054 etiam
944 2991 1125 3056 necessitate
1146 2991 1269 3064 adactus
1290 2993 1358 3056 Xe·

243 3091 396 3177 nophenes
418 3091 538 3179 Fragm.
562 3091 664 3156 XXll.
689 3092 742 3156 75.
767 3093 866 3182 γένος
890 3085 1076 3162 έλλαδικόν.
1130 3133 1133 3146 ·

699 3266 718 3318 C
736 3267 760 3320 A
777 3266 811 3318 P.
855 3267 899 3320 11.

454 3344 752 3451 lle'nominibus
778 3385 816 3448 in
838 3369 869 3475 ρ
881 3383 1136 3450 exeuntibus.

329 3603 414 3668 Hane
434 3605 592 3690 regionem
616 3603 799 3689 ingredienti
827 3604 954 3689 primum
985 3616 1150 3671 ooenrrunt
1178 3607 1300 3670 nomina
1322 3609 1357 3673 in

243 3691 298 3793 ἆ-ρ,
321 3727 396 3790 quae
425 3707 457 3770 in
490 3719 602 3792 septem
634 3727 749 3791 genera
780 3706 916 3790 dispertit
936 3705 1145 3792 Theognostus
1167 3707 1206 3771 Τ.
1231 3708 1270 3772 11.
1296 3709 1351 3776 79.

243 3809 372 3894 primum
393 3807 436 3877 soi
457 3807 512 3876 dmi
528 3811 591 3876 τοῦ
607 3797 883 3897 εαρὸιαύλλαβα,
906 3811 978 3895 έαρ,
995 3809 1086 3899 κέαρ,
1107 3809 1224 3897 φρέαρ,
1240 3811 1355 3898 στέαρ,

215 3961 217 3964 -
245 3910 358 3999 κτέαρ,
381 3910 432 3988 οἷς
456 3907 652 3980 deltonem
675 3912 733 3980 καὶ
750 3910 788 3977 τὸ
808 3909 932 3997 δέλεαρ,
956 3906 1087 3999 ὄνειαρ,
1110 3907 1237 3999 α’ἶλειαρ·
1263 3916 1358 3979 omis-

243 4014 288 4080 sis
303 4009 406 4102 δέλεαρ
424 4007 597 4102 (α’λεαιρή),
619 4015 711 4104 disp,
734 4010 857 4102 ὕφεαρ,
883 4013 969 4100 εἶαρ,
986 4009 1141 4104 ἄλειφαρ.
1185 4017 1357 4082 Secundum

246 4115 392 4202 disyllaba
411 4117 634 4200 eompleotitur,
658 4138 734 4202 quae
756 4118 829 4180 duas
851 4135 999 4182 consonas
1020 4119 1053 4182 in
1075 4119 1207 4206 epiplooe
1229 4119 1355 4198 habent,

245 4238 322 4302 qnae
343 4231 502 4284 rara‘esse
524 4220 611 4286 didit:
642 4221 713 4287 ἔστι
738 4219 775 4288 dd
797 4218 934 4308 τέκμαρ,
958 4223 1077 4312 ἕχθαρ,
1100 4221 1233 4310 νέκταρ.
1278 4223 1356 4289 Ter·
