2848 4884
228 368 284 434 ou
304 361 471 432 uouru.
494 361 542 428 ru
564 345 648 432 ΠΖ
660 357 856 428 rouutr.
879 363 908 450 ς.
932 367 964 431 t.
1094 375 1164 443 σοι

70 551 220 641 ὀφεῖλον,
234 569 288 634 pro
308 543 610 634 opalloaJiacertum
631 561 671 603 an
699 541 790 625 (qood
811 547 957 629 praestat)
984 567 1038 632 pro
1060 543 1163 640 ὤφει-

69 659 134 723 λεν.
177 649 329 725 hebetat,
352 643 628 732 inquit‚·corrt⁰pi,
659 643 716 706 aed
744 665 807 708 non
835 652 1026 734 corripitur,
1059 666 1091 720 ct
1112 678 1168 723 cur
1272 683 1287 714 ι

70 779 127 822 non
148 753 337 836 corripiatur,
360 773 401 814 ex
417 743 710 824 «affinioosotuoo,
731 747 846 815 θανέω
869 762 918 832 et,
946 753 972 817 si
994 753 1168 825 Buttmanni

70 858 214 923 sententia
236 855 271 918 de
293 853 401 940 dialysi
422 851 529 929 vineit,
554 869 594 914 ex
615 839 759 915 occiano
781 862 898 935 quoque
912 854 1042 947 intelligi
1056 869 1165 944 potest.

71 961 115 1023 lla
135 971 285 1044 postrema
306 967 406 1020 autem
427 952 553 1018 canonis
571 961 655 1035 parte
677 963 802 1038 apparet
820 951 1038 1024 Grammaticos
1059 961 1169 1048 hyper-

71 1061 219 1147 disyllohis
241 1059 414 1144 adjunxisse
440 1053 598 1141 hisyllaha,
620 1059 652 1116 et
673 1056 791 1138 utrique
808 1058 925 1139 generi,
950 1061 1171 1143 praeterllo'o-

71 1188 127 1241 oo,
150 1159 274 1226 eandem
296 1160 437 1223 tribuisse
459 1177 650 1234 mensuram,
676 1175 763 1242 quam
796 1157 829 1220 in
849 1158 942 1223 libris
970 1183 1085 1246 quoqne
1107 1189 1171 1232 ser.

70 1266 132 1330 vari
153 1265 307 1329 videncet
332 1257 430 1338 σάξαι
444 1261 583 1346 llippocr.
607 1261 643 1324 dc
665 1256 767 1324 Stcril.
793 1281 823 1344 p.
846 1259 901 1326 25.
926 1262 961 1325 Τ.
980 1263 1032 1327 lll.
1056 1267 1178 1334 Anecd:

71 1390 98 1452 p.
111 1366 166 1445 92,
190 1365 245 1434 23.
269 1359 361 1442 σάξις
381 1363 509 1428 Aristot.
534 1363 634 1428 Prohl.
650 1363 752 1425 XXV.
773 1359 805 1426 8.
828 1359 927 1440 νάξαι
941 1364 1065 1433 Nicand.
1079 1353 1171 1436 Ther.

71 1469 214 1554 952.“),
243 1465 349 1555 pateat
379 1467 520 1551 Xenoph.
545 1468 617 1530 oco.
641 1465 685 1528 X.
711 1463 764 1529 11.
789 1465 900 1531 Athen.
921 1467 1006 1532 XlV.
1030 1467 1106 1534 618.
1134 1471 1172 1536 Α.

73 1570 556 1654 omniumque-frequentissimum
576 1563 692 1645 τάξαι,
715 1569 803 1652 idque
826 1571 969 1634 convenit
996 1572 1086 1636 etiam
1108 1595 1176 1639 cnm

72 1673 206 1760 regulis,
239 1692 313 1756 qnae
335 1681 406 1735 sunt
434 1673 470 1735 de
502 1673 669 1737 nominihus
698 1673 731 1736 in
752 1657 846 1750 σῖα,
879 1666 1031 1754 ἄνασσα,
1059 1673 1177 1760 πίσσα,

71 1770 182 1844 νάσσα
203 1765 293 1838 llrae.
322 1795 351 1858 p.
375 1769 438 1848 21,
468 1773 500 1836 1.
524 1784 556 1837 et
583 1775 619 1838 de
646 1775 857 1859 comparativis
887 1777 919 1840 in
941 1763 1064 1846 αἶσαν
1077 1779 1179 1844 Hero-

74 1879 153 1942 dian.
177 1902 216 1944 π.
240 1881 331 1945 Mor.
356 1898 385 1959 p.
404 1873 457 1939 37.
482 1897 556 1960 qnae
580 1877 681 1940 omnia
703 1879 826 1942 hrcvem
847 1880 980 1944 vocalem
1002 1879 1113 1945 hahere
1135 1881 1180 1946 di·

75 1992 145 2045 eunt
173 1990 294 2064 praeter
320 1979 458 2045 θᾶσσον
486 1990 518 2044 et
546 1981 624 2063 qood
644 1979 738 2065 ltegg.
770 1981 856 2046 Pros.
887 1981 925 2047 N.
947 1980 1009 2059 86,
1040 1982 1115 2049 439.
1149 1994 1186 2048 ct¹

75 2083 171 2148 llraoo
193 2101 223 2167 p:
250 2077 325 2157 195,
350 2079 381 2144 1.
404 2082 591 2166 adjungunt,
613 2075 782 2170 γλάσσων.
835 2085 938 2168 anue
966 2087 1095 2151 fortasse
1118 2109 1181 2151 om·

77 2185 124 2249 nia
144 2205 163 2248 a
185 2185 289 2269 primis
312 2184 435 2248 canonic
457 2186 628 2250 auetorihus
657 2189 816 2271 conjuncte
844 2188 954 2250 trotio
975 2199 1078 2272 postea
1106 2210 1181 2254 vero

78 2289 191 2354 divulsa
211 2290 314 2371 itaque
335 2287 472 2350 mutilata
488 2298 577 2366 sunt,
601 2297 634 2350 ut
654 2289 691 2350 de
713 2289 814 2351 verhis
836 2289 1012 2373 hisyllahis‚
1035 2311 1110 2374 quae
1132 2313 1182 2357 re·

79 2391 175 2476 golam
197 2389 357 2456 breuitatis
379 2400 515 2466 servant,
538 2389 632 2466 nihil,
655 2390 692 2455 de
716 2389 783 2466 his,
815 2410 891 2476 quae
912 2391 1080 2468 excedunt,
1110 2393 1184 2458 illud

77 2487 178 2570 unhul,
203 2495 282 2578 quod
304 2493 341 2555 ad
361 2489 483 2558 θάσσω
507 2493 654 2577 pertinet,
670 2493 767 2558 nohis
788 2491 926 2556 relictum
940 2545 943 2552 .
956 2493 1006 2556 sit.
1053 2493 1086 2557 si
1107 2495 1184 2560 nihil

77 2595 165 2674 aliod,
192 2607 281 2661 certe
303 2595 388 2659 verhi
409 2591 550 2684 neqoloco
563 2598 609 2679 ¹²)
630 2595 743 2659 mentio
773 2595 809 2658 ah
839 2595 900 2658 illis
929 2595 1027 2659 omitti
1050 2617 1112 2660 non
1133 2618 1186 2682 po·

78 2701 143 2776 tuit,
166 2721 206 2764 ne
232 2695 269 2762 de
294 2692 385 2786 ᾄσσω
409 2699 523 2775 dicam,
547 2699 624 2783 qood
646 2697 732 2761 multi
754 2698 865 2762 omisso
895 2697 958 2761 iota
980 2698 1185 2783 scripserunt;

79 2803 129 2866 sed
149 2801 291 2886 suspicor
311 2802 401 2866 etiam
423 2799 592 2884 νασάσσω,
618 2803 654 2867 de
677 2821 735 2885 quo
750 2800 848 2886 paullo
863 2811 933 2864 ante
948 2799 1089 2884 loquutus
1106 2819 1185 2880 snm,

81 2903 147 2990 lege
168 2915 324 2970 exemtom
346 2905 452 2970 foisse.
496 2905 601 2991 Neque
623 2907 659 2970 de
685 2899 843 2992 φράσσω,
865 2902 1025 2992 βράσσω,
1051 2901 1186 2990 μάσσω,

83 3029 131 3071 res
159 3007 302 3093 experto
330 3017 388 3070 ost.
435 2993 580 3094 ‘optem
607 3008 719 3092 regom
747 3007 822 3071 rous
849 3007 986 3092 plurimo
1016 3005 1123 3091 ooyss.
1147 3004 1187 3071 v.

83 3107 156 3174 266.
179 3107 294 3174 Aesch.
318 3108 398 3193 Sept.
419 3109 473 3176 63.
501 3112 586 3175 Pind.
612 3111 714 3176 lsthm.
736 3110 761 3174 l.
785 3109 839 3176 91.
863 3109 1000 3196 Thucyd.
1024 3106 1076 3172 IV.
1098 3105 1131 3183 8,
1155 3105 1188 3171 5.

85 3211 115 3275 el
129 3211 183 3291 13,
199 3211 234 3276 d.
254 3211 353 3277 Strah.
370 3213 450 3278 Vlll.
467 3211 542 3306 389.
568 3213 720 3278 Plutarch.
737 3212 777 3279 V.
797 3212 932 3276 Demetr.
947 3209 1032 3275 XVl.
1049 3209 1188 3294 Apollon.

87 3348 299 3362 m

151 3395 198 3460 11)
215 3394 314 3447 loculo,
332 3403 408 3456 qoam
424 3389 555 3456 Euphor-io
579 3389 611 3440 ah
629 3388 676 3440 hoe
692 3387 772 3438 verho
799 3386 986 3438 denominatam
1010 3397 1067 3434 esse
1084 3379 1195 3432 tradidit

86 3497 111 3532 v.
131 3482 220 3550 Steph.
241 3481 320 3548 (qood
337 3478 423 3528 nescio
440 3492 488 3528 cnr
504 3475 649 3527 Meinekius
666 3473 770 3538 Fragm.
781 3470 884 3522 CXVll.
904 3471 944 3520 illi
961 3465 1117 3528 detraxerit)
1136 3455 1194 3518 Noi-

87 3559 131 3628 ξας
148 3569 257 3632 dicitnr,
274 3582 323 3616 non
337 3561 429 3626 Νᾶξσσ
446 3570 477 3613 ut
495 3561 755 3624 Schweighaueserns
773 3557 855 3610 edidit
870 3555 979 3621 Appian.
1000 3551 1058 3602 civ.
1077 3547 1111 3602 V.
1127 3549 1153 3600 7.

157 3643 204 3734 12)
221 3667 276 3718 Ησσ
292 3675 396 3718 veteres
414 3669 484 3715 recte
508 3677 524 3712 a
540 3655 633 3725 tropeien
652 3660 771 3710 extitisse
795 3657 884 3707 dieunt
907 3653 1033 3720 producta
1055 3655 1113 3715 post
1135 3661 1196 3716 syn·

90 3767 166 3820 copen
185 3753 282 3815 vocali,
301 3761 331 3804 ut
348 3759 375 3804 et
391 3749 491 3821 πράσις
509 3747 643 3806 scribitur,
661 3745 744 3795 ionice
761 3737 874 3810 αρῆσισ,
894 3745 921 3790 et
938 3734 1108 3804 imperativus
1124 3729 1199 3801 epa-

90 3859 137 3892 σσν
154 3839 244 3892 Schol.
262 3841 290 3890 in
307 3839 426 3902 Her-mog.
446 3835 479 3888 Τ.
491 3831 548 3885 Vll.
569 3830 599 3882 P.
614 3829 645 3882 ll.
668 3829 727 3882 7⁷³.
747 3829 874 3894 (ἔπρασσεν
892 3814 1135 3892 ἕπραγμστεάσστσ
1149 3817 1198 3869 lle-

91 3925 179 3993 aych.)
196 3933 226 3978 ct
249 3925 360 3976 ionicum
383 3919 530 3992 πιπρὴσκω
543 3925 581 3969 ,nt
604 3911 805 3998 ἆπσδιδρὴσκω.
842 3909 895 3960 lloc
918 3905 1095 3975 praetermisit
1116 3903 1200 3956 Draco

92 4025 117 4076 p-
137 4013 190 4072 22,
212 4009 256 4062 11.
281 4005 313 4063 τά
334 3995 359 4063 (ἶ
368 4009 565 4079 ἒπιφερσμένσσ
578 4001 629 4057 rot
642 4023 667 4067 σ,
686 3991 708 4067 ᾧ
726 3995 910 4051 temerantes
928 3984 1053 4061 ἔφωνσν,
1068 3987 1200 4044 συστέλλε-

93 4113 151 4156 ται,
170 4093 287 4162 ἄσθμα,
305 4089 400 4158 ciente,
417 4088 491 4146 σ’σαῶ
511 4099 560 4142 etc.
599 4089 649 4140 Sed
672 4085 834 4152 antiquiores
851 4079 971 4144 magistri
988 4078 1045 4128 nine
1062 4075 1139 4128 dohio
1156 4076 1200 4126 ad·

91 4179 215 4243 jecerunt
232 4175 258 4232 ai
273 4169 313 4248 μά
330 4195 373 4232 τω
393 4174 482 4246 epona}
500 4179 541 4246 εἴη
556 4170 633 4246 παρά
654 4170 795 4239 διαλέκτῳ.
831 4163 879 4220 Vis
891 4164 938 4217 illa
948 4178 1073 4236 syncopes
1085 4177 1134 4216 non
1144 4176 1203 4228 pen·

95 4265 162 4316 tinet
181 4267 214 4316 ad
233 4268 354 4333 πρίωμαι
372 4269 399 4314 et
417 4257 583 4330 διαπράσισσ.
