2848 4884
251 333 307 402 uu
333 261 495 436 nourr.
524 325 573 402 m
599 301 687 402 m]
706 327 906 400 nouusr.
936 333 966 418 §-
985 321 1019 404 ι.
1117 321 1190 408 roc

70 527 227 606 punctam
249 509 379 601 θηχμόι
399 512 562 589 scribitur,
591 506 826 599 ιιροφοθᾶνοηο
846 511 1001 600 llosehop.
1024 513 1133 582 Sched.
1155 527 1186 604 ρ.

70 622 128 688 73.
151 615 388 704 λαθροὸοέκτιχς
405 614 541 702 Hesych.
559 636 588 680 s.
606 613 786 704 Σιχὲρπης,
805 610 959 705 ἅθαχμός
977 626 1009 682 et
1026 611 1188 708 ὀθονχμός,

72 737 111 792 ιιι
131 713 271 816 doctis,
293 709 423 796 mutuos
443 739 476 786 v.
499 717 579 784 Ado.
602 717 643 784 ad
661 717 711 803 aj.
735 739 767 783 v.
792 715 867 784 579.
890 714 1004 807 ποινή
1027 731 1087 786 etc.
1129 721 1189 788 Sed

65 829 133 914 jam
153 824 346 892 manifestum
368 832 433 900 est,
456 819 490 887 in
510 819 708 886 dialectorum
729 819 923 888 contentione
944 843 1033 908 quum
1054 824 1120 890 iere
1140 823 1187 890 ni·

69 931 117 994 lril
138 929 180 994 sit
194 925 350 1014 praesidii.
381 924 428 990 Αο
448 943 489 988 uo
508 923 572 990 ulla
594 923 713 1008 quidem
735 941 803 988 csse
825 932 925 1006 potem
941 926 1096 992 contentio
1118 948 1188 994 verr·

68 1035 198 1106 borum,
229 1049 305 1112 quae
326 1027 434 1094 autin
456 1026 594 1093 omnibus
616 1025 753 1092 dialectis
780 1025 905 1090 eandem
931 1027 1057 1094 formam
1078 1029 1189 1096 habent

68 1147 108 1200 ut
127 1129 276 1222 μάοοοιν
297 1141 329 1196 et
350 1120 577 1213 θροίοοιοθαι,
603 1128 682 1194 unde
705 1129 826 1192 ductum
848 1147 959 1193 nomeu
980 1125 1117 1218 δράγμα
1137 1153 1189 1218 ρο,

68 1247 257 1323 roxytonum
279 1245 327 1300 cst
346 1233 417 1298 Nic.
439 1231 496 1294 Th.
520 1227 597 1294 663.
622 1241 682 1296 ete.
709 1241 742 1294 et
763 1223 937 1320 ὃραχινῆο
959 1231 1091 1298 Comicis
1112 1253 1189 1300 non.

67 1361 225 1424 nunquam
248 1336 426 1420 corripitur,
456 1344 510 1398 ant
530 1332 621 1398 unius
646 1333 767 1400 dialecti
795 1333 904 1398 finibus
931 1334 1127 1402 continentur
1155 1347 1190 1402 ut

67 1435 253 1530 θροὲοοιιν.
288 1435 607 1504 animaduerterit
628 1435 654 1500 l.
674 1435 752 1503 211.
774 1436 805 1502 id
825 1435 914 1522 alpha
934 1436 1056 1522 longum
1079 1437 1188 1522 habero

69 1545 229 1610 contendit
253 1553 288 1608 ut
314 1563 356 1606 eru
376 1529 535 1631 ταροῖοοοι
561 1549 767 1616 contractum,
798 1550 830 1604 et
850 1559 904 1624 pro
926 1531 1054 1626 θροῖξαι
1075 1541 1186 1606 Aesch.

69 1647 177 1712 Prono.
197 1643 273 1714 628.
296 1643 436 1730 θροῑξαι,
459 1663 514 1727 pro
533 1637 691 1729 θροίττον
712 1642 791 1706 Plat.
810 1641 920 1706 Phaed.
941 1640 995 1708 86.
1015 1643 1052 1706 lt.
1075 1643 1190 1733 θρᾶν-

67 1771 139 1818 Ιτον
167 1749 281 1832 corrigi
305 1749 410 1834 jubet,
450 1746 498 1810 tto
527 1763 590 1820 uno
618 1745 737 1830 adjutus
765 1741 960 1830 Augustano,
998 1745 1061 1810 illic
1091 1746 1186 1812 nullo.

68 1853 209 1934 Eamque
226 1850 408 1917 sententiam
426 1849 542 1915 duobus
558 1847 691 1912 defendit
711 1847 910 1932 argumentis,
934 1847 1110 1934 quantulum
1132 1869 1189 1936 ego

64 1954 208 2041 judicare
228 1972 367 2038 possum,
389 1950 616 2018 infirmissimis.
653 1949 785 2016 Primum
807 1949 906 2029 enim,
928 1962 964 2014 nt
985 1951 1106 2016 evincat
1126 1977 1189 2022 uc-

70 2047 189 2148 ραόοοι
210 2077 229 2120 a
247 2047 311 2142 ecio
332 2055 489 2140 propagari
511 2075 574 2120 non
594 2073 696 2138 posse,
719 2064 811 2138 negot
828 2052 1072 2118 terminationem
1094 2041 1190 2124 ιῖιῖοἶ

71 2159 178 2226 vertis
205 2157 348 2243 applicari
375 2156 436 2222 nisi
463 2157 675 2224 antecessione
702 2155 864 2240 gutturalis
893 2156 978 2241 qussi
1005 2158 1189 2242 praeforma-

73 2273 149 2338 tam,
172 2257 292 2350 φύλαξ,
317 2254 492 2348 celticos,
516 2252 713 2347 φάρμακον,
736 2249 941 2346 moeoticum,
963 2253 1100 2334 θάαιιος
1116 2267 1189 2329 θα-

73 2355 167 2430 οέσοιο
190 2364 228 2427 Τ.
251 2362 290 2426 ll.
313 2383 344 2448 p.
370 2361 444 2426 111.
477 2372 508 2426 et
529 2359 603 2426 198.
633 2381 728 2446 eoque
750 2357 885 2444 procedit
911 2371 946 2424 ut
966 2352 1120 2428 cilicineo
1150 2363 1188 2428 ab

73 2451 182 2557 ἆῖλοιχ
206 2475 346 2552 tanquam
374 2487 392 2529 o
415 2463 509 2549 stirpe
536 2471 665 2549 repetat,
694 2481 782 2548 quam
803 2461 836 2526 in
857 2455 1005 2552 οἷλλοιχοῦ
1031 2483 1188 2547 apparere,
1319 2471 1320 2474 ’

73 2589 180 2654 parum
202 2577 344 2654 reputans
372 2563 528 2657 ἐνιαχοῦ,
558 2567 755 2657 πανταχοῦ,
785 2561 951 2652 ὀλιγάκις,
980 2548 1187 2645 edereedere,

75 2670 322 2736 terminationem
342 2669 507 2736 ascititiam
530 2668 654 2734 habere.
688 2669 801 2753 Neque
822 2661 977 2735 allisione
1001 2667 1099 2732 solum
1120 2691 1190 2754 pro·

74 2773 159 2840 xime
180 2773 217 2844 ul
238 2767 341 2848 ἄλλος
359 2771 572 2857 proficiscitur,
595 2773 648 2838 sed
669 2783 702 2838 ct
721 2765 864 2860 α’φοίοοιι
887 2765 1037 2858 eteocle
1060 2782 1092 2836 et
1112 2791 1132 2836 a
1149 2771 1190 2838 si·

75 2876 196 2940 milibus
213 2875 367 2962 pcmeipiis
385 2870 575 2952 ιιλαθοὲοσο,
595 2870 784 2952 eleccione,
805 2866 983 2953 calducso,
1002 2869 1187 2964 coccoloum

76 2987 137 3042 etc.
162 2975 229 3043 sine
250 2975 314 3042 ullo
336 2977 497 3064 gutturalis
517 2977 712 3057 interventu,
740 2997 776 3044 ac
797 2979 950 3066 proiecto,
980 2999 1036 3042 cur
1055 2977 1112 3042 hoc
1133 2979 1190 3044 mi·

76 3101 134 3146 nns
159 3079 283 3146 licuerit
305 3102 393 3166 quam
417 3073 594 3163 cilds'ooor,
623 3071 793 3170 ἒὸρῆοοοι,
822 3077 1002 3170 loedere,
1029 3073 1187 3168 λιμοῖοσοι
1327 3112 1332 3120 ·

75 3185 256 3270 producere,
279 3183 409 3269 intelligi
428 3185 543 3268 nequit.
578 3185 693 3250 Deinde
713 3186 878 3273 quodcum
896 3183 1102 3250 contractione
1120 3207 1189 3270 pro-

75 3286 250 3352 ductionem
278 3285 450 3350 necessario
480 3288 671 3373 conjunctam
700 3309 770 3352 csse
797 3288 858 3366 ait,
897 3280 999 3376 βλάξ,
1033 3279 1187 3372 ποήοοοι,

74 3383 293 3477 οορῶννομι,
326 3388 357 3451 id
382 3408 444 3452 nou
468 3391 544 3454 adeo
568 3390 676 3455 stabile
703 3401 735 3455 ct
760 3389 944 3455 immutabile
972 3409 1040 3453 esse
1067 3391 1189 3453 demon-

73 3503 178 3559 strant
192 3491 341 3578 πέτομαι
357 3485 495 3579 πτερόν,
518 3491 690 3584 πέλιθρον
704 3493 873 3580 πλέθρον,
896 3489 1063 3581 στελεγχῖς
1077 3493 1189 3580 ccley·

72 3588 148 3686 χῖς,
174 3593 280 3664 καλέοι
302 3591 385 3662 ulier
408 3601 467 3658 etc.
497 3595 550 3658 sed
571 3593 674 3660 ademi
694 3607 793 3680 potest
815 3595 852 3658 ad
874 3595 1080 3660 declarandam
1102 3595 1189 3661 verbi

73 3695 206 3788 ιιροὶζιι,
229 3698 278 3764 cui
298 3697 385 3783 alpha
406 3697 529 3782 longum
550 3695 710 3776 tribuitur,
733 3719 923 3774 mensuram,
946 3699 972 3761 si
994 3696 1112 3781 quidem
1133 3696 1188 3760 Pa·
1299 3753 1301 3762 ,

73 3801 155 3886 phii,
175 3811 211 3865 ut
230 3800 400 3886 Hesychius
421 3801 476 3882 ait,
497 3821 552 3886 pro
572 3795 696 3890 ιιριὲξον
716 3801 860 3866 dixerunt
879 3798 1061 3888 ιιοῖῥραξον.
1096 3797 1187 3884 Equi·

75 3904 147 3966 dem
166 3895 290 3992 ορὴχω,
312 3894 455 3992 «tociaco
478 3914 510 3968 et
525 3898 695 3990 ναροέοοιι,
724 3899 842 3994 Τάρχη
859 3897 1012 3989 τάραξις,
1042 3897 1188 3990 Ταρχαθ

74 4025 153 4072 νειν
174 3999 357 4094 ταράσσειν
378 4006 509 4094 llesyclr.
534 4016 661 4092 cognata
682 4022 751 4072 esse
772 4003 974 4072 concesserim
997 4003 1050 4070 sed
1071 4004 1131 4081 ita,
1153 4013 1189 4068 nt

75 4117 152 4172 sunt
172 4130 275 4174 rernm
296 4109 438 4176 similium
459 4109 603 4178 vocabula
623 4113 767 4186 consona,
791 4129 888 4196 neque
908 4107 1037 4174 excludo
1056 4101 1187 4196 Θρᾴκη,

82 4209 254 4302 Τραχεῑα,
282 4213 482 4305 Τραχεῶοις,
511 4210 650 4306 Τραχίς,
675 4208 826 4305 Τραχῖνι]
847 4212 931 4295 sive,
957 4222 993 4280 ut
1012 4222 1116 4298 postea
1136 4229 1187 4296 ap-
