2930 4872
235 317 308 388 σοι
581 297 900 382 orssnarnruo
922 310 988 380 ιιι.

239 498 416 578 communis,
441 495 517 580 quod
540 495 566 558 si
588 495 748 579 Elmslejus
771 493 895 580 negavit
915 492 964 578 (ac
986 513 1112 578 negasse
1134 495 1253 560 videtur
1271 495 1342 560 licr-

236 623 346 668 manno
368 601 404 665 ad
426 599 489 685 lph.
510 598 553 662 ¹T.
578 596 670 679 344.)
697 596 785 660 facilc
806 595 968 668 refellitur.
1014 596 1270 666 Terminationem
1287 584 1340 680 αἱ,

235 691 358 780 M,
390 703 460 766 olim
491 699 635 764 affirmavi
664 699 696 762 in
726 720 796 764 casu
827 699 892 784 pari
921 721 989 764 cum
1010 711 1119 766 neutro
1146 703 1343 766 consociatam

237 827 304 872 esse
326 807 362 870 ab
384 804 525 888 Euripide
551 803 641 864 Herc.
668 799 742 865 179.
775 802 827 865 sed
857 801 884 866 is
909 802 995 866 locus
1018 823 1098 867 nuuc
1118 803 1232 868 rectius
1253 803 1344 868 inter·

237 910 380 996 pungitur
407 907 449 970 ita
476 917 510 968 ut
538 903 652 1000 γίγασι
673 904 864 988 disjungatur
885 927 903 969 a
924 905 1092 990 πλευροῖς.
1136 904 1241 989 Neque
1262 906 1344 991 adje-

239 1011 313 1076 ctivi
334 1011 366 1074 in
387 995 439 1090 αξ,
458 994 563 1082 ατ-οςῖ
580 1007 749 1090 exemplum
776 1007 876 1090 reperi
898 1006 957 1072 nisi
980 1009 1057 1090 quod
1078 1008 1111 1070 iu
1133 1007 1282 1092 Theopbr.
1305 1009 1341 1072 H.

237 1111 375 1178 P1.V11.
402 1111 434 1188 1,
456 1109 490 1174 4.
517 1115 556 1177 ἐν
585 1121 658 1182 τοῖς
688 1105 827 1182 εὐοίλοις
856 1109 913 1176 ναὶ
942 1103 1134 1195 εὐαρότοιο,
1175 1128 1250 1194 σασα
1272 1110 1344 1174 baud

240 1215 328 1279 dubie
350 1226 422 1278 sunt
443 1223 563 1289 neutra,
587 1212 704 1275 codices
724 1205 883 1298 ιῦιρασιν
897 1223 928 1275 cl
941 1206 1079 1298 erispoius
1111 1213 1248 1289 ruebant,
1272 1213 1345 1297 quod

240 1316 439 1380 Schneldcrus
462 1317 498 1380 ad
520 1310 662 1401 εὐιραής
684 1315 779 1377 refert
799 1313 993 1400 persuasione
1017 1234 1269 1378 salsabo'mlnum
1289 1309 1344 1383 cai-
1396 1349 1414 1402 χ

239 1441 334 1506 aona,
357 1415 497 1507 νεόιρας
519 1428 551 1482 et
568 1417 709 1483 similium
733 1438 819 1482 casus
842 1417 977 1507 obliquos
999 1415 1161 1483 inusitatos
1184 1437 1262 1483 esse.

750 1608 778 1690 s.
805 1604 836 1672 s.

326 1730 515 1816 AdJectivum
537 1729 569 1792 in
592 1712 644 1800 ιἰ-ις
674 1747 740 1789 cum
762 1725 950 1791 substantivo
973 1737 1082 1791 neutro
1113 1727 1255 1793 Manetbo
1277 1750 1344 1794 een·

237 1834 368 1926 jungere
390 1837 486 1896 ausus¹
504 1841 550 1895 est
571 1827 622 1895 IV.
647 1827 720 1894 585.
746 1827 825 1923 λέχη
848 1823 1053 1910 deteriorando,
1080 1832 1169 1916 cujus
1192 1831 1345 1916 singularis

240 1936 438 2000 intolerabilis
465 1935 554 1998 foret.
602 1933 635 1996 ln
658 1931 742 1996 Pauli
765 1929 819 1996 Sil.
841 1931 896 2017 llp.
916 1931 1026 1995 XLIV.
1051 1929 1104 1995 85.
1132 1932 1234 1997 Tull.
1257 1933 1346 1997 Brun·

241 2037 326 2102 oldus
349 2038 441 2102 edidit
462 2029 580 2103 ὁσσοὶνι
607 2026 812 2124 peloridum
840 2033 1033 2121 πανανρέος
1063 2036 1135 2124 ἴαχε
1167 2030 1269 2122 νενροι1
1296 2057 1345 2120 pro
1425 2095 1427 2100 ,

240 2136 470 2228 mancipaturos,
502 2152 594 2224 eaque
615 2137 752 2202 Jacobsio
781 2137 817 2200 ad
839 2136 932 2200 Antb.
963 2138 1024 2200 Pal.
1056 2159 1086 2222 p.
1112 2137 1189 2204 140.
1214 2161 1273 2203 uon
1293 2139 1344 2202 im-

241 2242 401 2329 probabilis
421 2243 541 2306 videtur
562 2242 744 2316 emendatio,
767 2240 1009 2324 inaequalitatem
1022 2251 1120 2303 autem
1133 2242 1255 2326 generis
1270 2239 1345 2304 nullo

242 2346 398 2410 coufirmat
420 2345 577 2430 exemplo,
599 2366 634 2415 ac
656 2345 785 2406 lcrlassc
807 2342 918 2416 nullam
941 2365 1008 2408 csse
1031 2343 1162 2428 putavit,
1186 2343 1343 2429 genitivum

241 2448 327 2512 illum
348 2443 562 2538 amenopolis
588 2448 636 2530 (ut
656 2441 812 2534 εὐανρὴς)
834 2455 974 2529 repetens
1006 2457 1036 2509 ct
1064 2445 1122 2508 boc
1143 2445 1214 2510 loco
1234 2455 1264 2510 et
1283 2445 1344 2510 aliis

242 2571 315 2634 quos
338 2551 473 2638 profert,
496 2551 575 2614 unde
598 2549 816 2612 substantivum
837 2541 1031 2638 παναγρεύς
1063 2548 1096 2610 in
1117 2548 1235 2613 Lexica
1254 2547 1344 2614 immi-

243 2653 353 2738 gravit.
399 2653 572 2718 Verbalium
593 2653 625 2716 in
653 2638 700 2738 ἧς’
722 2651 812 2714 trium
840 2661 948 2714 extant
977 2653 1114 2736 exempla
1136 2647 1343 2740 α’μφιτρῆτοσ
1383 2699 1384 2704 1

241 2750 364 2824 αὐλίου
384 2755 509 2818 Philoct.
534 2777 566 2820 v.
592 2753 643 2819 19.
667 2753 772 2841 coppo
799 2752 977 2842 ἐρρωμένῳ
999 2753 1056 2821 καὶ
1075 2751 1206 2842 α’κμῆτι
1227 2754 1271 2842 τῷ
1289 2749 1344 2819 cci·

242 2881 329 2945 ματι
351 2857 439 2922 Ροασ.
463 2857 515 2921 Vl.
539 2855 593 2934 15,
617 2857 649 2922 3.
682 2868 712 2920 et
741 2857 864 2920 tertium
896 2857 969 2920 illud,
999 2856 1087 2940 Soph.
1112 2858 1163 2942 Aj.
1189 2857 1262 2924 324.
1284 2859 1344 2946 βο-

242 2971 316 3034 τοῑς
339 2958 600 3046 andronopolim,
635 2961 713 3024 uude
742 2959 814 3023 haec
838 2970 900 3022 tota
920 2959 1064 3043 profluxit
1086 2959 1257 3044 disputatio.
1300 2959 1344 3022 Αο

244 3061 426 3147 simplicibus
441 3083 556 3146 quoquc
570 3062 646 3126 hanc
661 3061 812 3126 licentiam
828 3061 904 3137 dari,
927 3072 1048 3148 apparet
1062 3083 1102 3125 ex
1120 3062 1198 3127 Eur.
1215 3063 1263 3126 El.
1273 3057 1342 3127 372.

243 3163 364 3250 πένητι
390 3161 532 3250 σώματι,
561 3167 636 3252 quod
659 3167 814 3228 damnatur
837 3163 1106 3226 Grammaticorum
1130 3165 1228 3230 edicto
1247 3165 1342 3250 Etym.

172 3317 175 3324 .
243 3268 286 3332 M.
310 3265 385 3343 110,
407 3266 460 3333 25.
485 3264 747 3356 ἁμαρτάνουσιν
785 3271 818 3334 οἱ
845 3261 1097 3354 προφερόμενοι
1127 3267 1340 3337 πενέστατος·

243 3364 591 3459 οἶπαρασχηιιοέτιστον
614 3367 677 3460 γαρ
699 3375 769 3437 ἐστι
789 3365 827 3436 τό
855 3369 961 3454 πένης
987 3367 1170 3456 οὐδετέρῳ,
1203 3370 1278 3454 quod
1299 3365 1346 3451 qui

242 3474 471 3560 pronunciavit,
503 3474 595 3538 multo
617 3475 825 3539 vehementius
846 3467 1044 3560 γοητότερος
1069 3472 1181 3536 Achill.
1206 3472 1272 3536 Tat.
1295 3467 1342 3533 Vl.

243 3575 275 3641 7.
307 3600 336 3661 p.
363 3575 443 3652 137.
467 3575 521 3642 25.
552 3579 721 3662 rejecturus
750 3590 825 3646 crat.
879 3576 1128 3657 Quemadmodum
1157 3586 1258 3640 autem
1292 3573 1344 3635 hoo

244 3686 359 3743 canone
382 3678 589 3744 declinationis
612 3681 742 3745 directae
772 3688 929 3763 utrumque
956 3701 1051 3764 gcuus
1073 3699 1133 3742 una
1156 3675 1343 3762 comprehen-

243 3781 340 3855 ditur,
363 3780 407 3844 ita
428 3803 445 3845 a
467 3782 572 3858 nobis,
596 3782 647 3846 ubi
669 3782 786 3846 occasio
817 3803 849 3846 sc
879 3783 976 3858 dedit,
1008 3783 1166 3867 conjuncte
1190 3789 1344 3844 mactatum

243 3893 310 3957 esta
334 3893 365 3945 et
386 3894 420 3946 ut
441 3885 599 3969 adjectivis
617 3885 895 3970 incomparabilibus
917 3885 1058 3948 adverbia
1078 3883 1212 3971 μᾶλλον
1237 3892 1268 3946 ct
1285 3870 1344 3964 ἧτ-

242 4005 305 4050 τον
329 3985 459 4050 subsidio
481 3987 629 4064 veniunt,
659 3987 703 4052 sic
725 4007 779 4065 ca,
810 4008 885 4072 quae
912 4008 972 4050 uno
1004 4008 1116 4072 genere
1130 3971 1190 4052 ¹aut
1211 3986 1248 4050 ad
1269 4003 1342 4048 sum·

243 4109 325 4152 mum
348 4089 460 4153 duobus
483 4091 698 4170 continentur,
728 4101 869 4155 neutrum
897 4099 1073 4154 mutuantur
1100 4091 1136 4154 ab
1165 4089 1224 4154 alia
1251 4087 1342 4150 forma

243 4193 294 4258 vel
316 4175 629 4278 ejusdemaemporis,
651 4191 871 4283 μιελίνρατος,
899 4188 1122 4282 νιφόβλητος,
1143 4183 1340 4279 ecddpnacs,
