2926 4886
144 365 149 396 t
257 321 328 388 910
571 391 574 397 ,
616 307 928 381 11188119ΤΑΤ10
950 315 1014 384 lll.

260 495 495 564 commodissime
524 495 658 558 refertur
685 485 875 586 οἷροιξίχειρο
901 492 1069 583 cunnum
1090 495 1183 562 Anu.
1206 499 1270 564 Pal.
1292 499 1355 567 Vll.
1397 572 1399 578 s

259 623 291 666 u.
315 598 368 665 94.
402 619 471 662 nam
500 599 576 682 quod
599 597 758 681 Sophocles
790 599 910 664 admisit
937 602 969 664 iu
1001 599 1066 684 pari
1095 621 1166 664 casu
1187 597 1260 666 Arlt.
1284 602 1354 670 172.

258 695 426 794 αὐτόχειρι
445 695 509 767 οὐκ
533 693 717 787 μιάσματι,
741 700 840 764 minus
862 702 934 766 licat
954 703 987 765 in
1011 702 1184 786 imparibus.
1229 703 1268 766 Et
1287 727 1358 788 quac

258 829 277 870 n
305 803 573 890 praepositionibus
605 803 764 866 ordiuntur
788 795 983 892 πρόχειρος,
1018 801 1225 893 περίχειρος,
1261 807 1357 890 quibus

199 931 202 936 ·
258 907 430 992 suspectius
448 917 495 970 cst
516 901 714 994 πρὸςχερος,
744 925 800 969 uec
822 916 1010 970 sustentatur
1031 907 1170 992 cxcmplo
1192 906 1278 970 latim
1298 929 1358 971 οιο-

259 1009 436 1074 crocbcrus.
477 1003 625 1097 Ἐπίχειρ
655 1007 748 1072 semel
770 1009 882 1090 legitur
913 1029 970 1070 ucc
1000 1008 1066 1072 sinc
1094 1008 1264 1092 suspicione
1286 1008 1356 1072 Poll.

258 1112 297 1176 ll.
312 1109 383 1175 148.
405 1131 461 1194 quo
478 1131 539 1174 nou
558 1111 608 1194 qui
630 1131 735 1174 manus
756 1111 896 1174 admovet
909 1110 1073 1194 significari
1086 1111 1219 1189 videtur,
1242 1111 1292 1174 scd
1312 1111 1359 1194 qui

251 1217 296 1279 ad
318 1235 424 1278 nonnus
454 1223 501 1276 est
528 1223 563 1276 ut
589 1206 748 1301 ὦπόχειρ,
779 1211 856 1296 quod
884 1212 1074 1276 Hermanuus
1102 1212 1241 1297 Sophocli
1262 1213 1359 1276 tribuit

259 1318 308 1382 El.
334 1315 429 1382 1692.
457 1315 556 1400 Vulgo
581 1326 680 1378 autem
703 1316 850 1399 adjectiva
867 1311 940 1377 'cum
966 1315 1238 1398 praepositionibus
1260 1335 1359 1380 conso·

262 1421 340 1484 cista
371 1415 504 1482 retinent
533 1419 657 1480 formam
688 1416 848 1500 simplicisa
885 1413 1109 1506 κοοαχείριος,
1145 1415 1358 1506 μεκοχείριοο,

261 1523 367 1606 quibus
394 1541 427 1584 sc
450 1519 637 1584 intermiscet
661 1493 867 1608 uocopelptoc
886 1518 1032 1603 (occisor)
1061 1519 1162 1602 Scbol.
1187 1519 1260 1584 Eur.
1283 1521 1355 1584 bled.

186 1662 189 1672 ι
262 1621 356 1690 1269.
386 1633 419 1686 ut
445 1617 688 1710 οὐκοχθόκιος,
723 1623 800 1705 quod
828 1643 919 1706 supra
947 1621 1045 1705 attigi.
1069 1655 1112 1670 -
1142 1621 1192 1694 Ex
1213 1621 1357 1708 bisyllabis

260 1725 319 1800 huc
340 1723 530 1788 referendum
546 1723 744 1812 χριιοοέθιιρ
770 1718 849 1809 παρ’
869 1714 1043 1812 Ἀρχιλόχῳ
1066 1723 1132 1808 (Fr.
1149 1721 1356 1805 lxxtrst.)

261 1827 486 1916 συγκέκοπται
500 1829 535 1890 ἐκ
553 1826 615 1891 cori
634 1825 871 1914 χρκοοὲθειρος
888 1824 990 1908 Stepb.
1014 1847 1041 1888 s.
1059 1824 1192 1916 Βὲχειρ,
1215 1847 1269 1890 uos
1290 1847 1357 1890 vcro
1391 1898 1394 1903 ,
1443 1871 1444 1882 .

260 1939 361 2014 spreto
376 1947 525 2013 syncopae
541 1929 686 1992 auxilioa
704 1929 888 1994 nominativo
904 1931 998 2013 ἔθειρ
1013 1929 1210 2012 compositum
1229 1928 1356 2004 dicimus,

261 2033 346 2115 cujus
375 2030 499 2094 idoneos
527 2029 668 2093 babemus
696 2041 809 2110 testes;
838 2031 1025 2113 indidemque
1052 2030 1208 2096 duxeruut
1235 2029 1354 2114 obliqui:
1443 2079 1444 2082 ¹

260 2129 451 2219 ὄξοέθειρος
477 2125 636 2218 οἷκοῖκθης
659 2131 760 2196 Noun.
784 2133 858 2196 XX.
881 2131 936 2198 25.
960 2131 1186 2222 χριιοοὲθειροι
1205 2131 1306 2202 &dccv
1328 2131 1356 2194 iu

261 2237 377 2300 cantico
402 2235 519 2298 Heliod.
544 2234 595 2298 lll.
618 2235 651 2300 2.
684 2256 716 2299 v.
747 2233 852 2300 Corsis
874 2257 904 2319 p·
928 2233 1003 2298 378.
1037 2229 1235 2322 ὀξοέθειριις
1256 2227 1358 2302 dedr-

260 2345 331 2411 θοις
351 2336 453 2400 Noun.
476 2337 560 2402 XlV.
586 2331 661 2400 368.
692 2357 766 2421 quac
794 2349 866 2401 sunt
893 2337 1014 2423 generis
1043 2339 1227 2418 communis,
1252 2347 1281 2401 ct
1300 2357 1359 2421 pro·

75 2465 83 2475 ι
218 2455 222 2462 ·
253 2440 327 2524 pria
356 2438 491 2504 feminini
519 2439 691 2504 terminatio
718 2440 913 2526 λοοιέθοιροι
940 2434 1045 2528 κούρη
1063 2439 1152 2502 Χ1Χ.
1181 2437 1255 2505 329.
1276 2436 1355 2502 XXl.

259 2541 315 2606 77.
338 2541 485 2605 XXXIV.
510 2540 583 2605 166.
607 2541 702 2605 XLV.
727 2541 780 2606 48.
805 2539 982 2628 ὀξοέθιιροι
1004 2539 1100 2630 καρίς
1119 2541 1232 2606 toann.
1255 2540 1355 2626 llopbr.

260 2667 294 2710 ι.
318 2643 394 2708 454.
426 2639 464 2728 ἦ
481 2635 698 2732 colludensque
722 2643 823 2708 Noun.
855 2645 997 2729 Paraphr.
1020 2643 1077 2707 Xl.
1101 2643 1134 2708 4.
1163 2639 1356 2731 ἦόιὶέθιιρο

260 2747 374 2812 Anacr.
399 2746 517 2830 Fragm.
534 2747 650 2830 XLIV.
674 2744 922 2835 ἠτοκοέθοιροι
942 2747 1026 2810 Piud.
1055 2746 1101 2810 Ol.
1118 2745 1156 2810 ll.
1176 2745 1230 2812 46.
1251 2743 1357 2836 ἤχριι·
1382 2775 1385 2780 ’

261 2840 574 2938 ooddscpcj'blaxinn
605 2871 637 2913 v.
661 2848 715 2914 95.
748 2871 823 2934 quac
852 2871 871 2912 ιι
892 2850 1055 2914 masculino
1083 2851 1282 2940 χριιοοέθοιρ
1302 2859 1353 2913 ctc.

261 2962 298 3016 ut
318 2951 406 3013 modo
424 2950 503 3028 dixi,
527 2951 658 3019 derivari
678 2962 815 3037 possunt,
838 2963 873 3015 ut
893 2973 912 3015 a
931 2943 1047 3038 μοι’κοιρ
1061 2944 1226 3040 μα’κοιιρο,
1247 2941 1374 3036 accip

262 3049 398 3138 ὃοίοιροι,
420 3073 438 3116 a
460 3045 570 3141 σωτήρ
599 3050 752 3139 σώτειρα.
799 3053 931 3133 Quorum
961 3055 988 3118 si
1017 3055 1092 3117 nulli
1114 3055 1308 3119 masculinum
1327 3052 1355 3115 in

257 3138 322 3242 ἶιρ
335 3163 554 3238 praestructum
576 3162 674 3240 cst⁴)‚
699 3157 729 3219 id
751 3177 867 3220 summa
888 3156 976 3242 hujus
997 3156 1219 3238 terminationis
1241 3155 1356 3222 raritate

259 3267 441 3352 'excusatum
457 3303 460 3313 .
478 3257 608 3352 ridetur.
668 3259 751 3322 llauc
767 3269 883 3322 'autem
912 3258 991 3324 viam
1021 3258 1256 3323 detrectantibus
1282 3263 1363 3342 putet·

263 3358 333 3434 alia,
357 3367 391 3423 nt
415 3357 543 3442 speciem
566 3360 708 3444 simplicis
736 3356 865 3425 nominis
887 3364 1007 3446 ἔθειρα
1028 3361 1293 3450 incompositione
1313 3377 1356 3422 rc·

263 3471 377 3524 tentam
407 3461 557 3536 domus,
592 3465 834 3546 quemadmodum
872 3459 1085 3542 κιιοικόπεζοι,
1113 3455 1354 3548 πηξιθοῖλοικτκ,

263 3562 369 3646 bisque
393 3563 503 3628 similia
525 3585 543 3627 ιι
564 3562 744 3649 simplicibus
770 3569 932 3652 composita
953 3587 1021 3630 csse
1044 3565 1227 3629 ostendimus
1251 3563 1356 3628 iuDis·

263 3675 340 3729 sert.
364 3666 401 3729 de
420 3665 556 3730 Femiuu.
583 3668 656 3731 Mct.
680 3663 826 3757 ‘Ilc'crpc
849 3670 939 3733 luuao
961 3666 1126 3753 epitheton,
1150 3668 1226 3749 quod
1247 3667 1355 3730 Plutar-

230 3795 236 3803 =
264 3767 337 3830 obus
364 3768 400 3831 ab
430 3765 559 3854 ἱλαρός,
588 3769 726 3834 Sturzius
754 3773 791 3834 ad
819 3771 942 3856 Empcd.
971 3793 1001 3854 p.
1026 3766 1101 3833 699.
1130 3769 1166 3830 ab
1196 3763 1290 3853 ἱλαήρ
1310 3763 1355 3831 vel

137 3953 140 3963 y
261 3865 367 3958 bbst'np
395 3870 541 3946 arcessit,
564 3870 637 3934 mibi
664 3873 700 3936 ab
728 3875 778 3961 εἴρ
804 3869 994 3959 λοιμπηδώκ
1015 3871 1210 3957 compositum
1230 3870 1352 3942 videtur,

262 4017 473 4044 ——-—·
648 3977 666 4056 b

877 4047 887 4088 l

115 4119 128 4153 b
263 4108 289 4256 ’Τ
315 4117 361 4256 Hb)
378 4117 485 4170 boeotos
501 4115 607 4190 μήτηρ,
622 4116 731 4190 moisem,
748 4122 834 4174 dicere
851 4088 965 4176 testatur
975 4121 1256 4190 Tbecguostuscluecd.
1276 4119 1352 4173 cnu-

289 4241 295 4255 .
341 4240 347 4254 .
367 4204 409 4257 41.

176 4265 185 4292 b
463 4279 466 4290 ι
