2940 4894
282 306 340 372 DE
368 303 533 372 NOMIN.
563 304 735 372 MONOS.
766 305 803 371 G.
827 305 892 372 111.
921 308 951 394 ἕ.
973 309 1007 374 2.
1141 314 1206 380 161

108 496 136 550 et
154 481 297 576 ταρφέες
316 484 514 550 bethmannus
535 483 737 551 nominativos
760 485 794 548 in
817 469 858 558 αἶ
879 486 1030 574 assignat,
1061 491 1210 572 posterius

107 609 143 650 ex
162 587 346 672 praescripto
366 597 504 652 veterum
524 585 804 668 Grammaticorum,
827 587 1101 688 alterunepdontra3
1124 593 1212 680 ἐλεγ-

105 689 159 778 χέα
176 689 303 776 μῦθον
321 688 425 752 Noun.
447 687 517 752 XL.
541 687 596 752 35.
618 689 746 778 ἐλεγχές
767 682 906 779 αἰσχρόν
926 691 1059 778 Hesyob.
1096 693 1125 756 A
1146 694 1211 758 tbe·

35 817 36 822 ¹
105 793 214 854 natiuis
242 793 451 875 praesentibus
477 801 657 875 repetuntur
683 792 830 876 adjectiva
856 787 977 880 omtdp'n
1002 805 1034 858 et
1054 789 1211 882 αἷσπιδής,

106 895 147 958 oui
168 893 271 958 Scbol.
296 895 393 958 Arist.
412 894 504 978 Vesp.
530 891 603 958 118.
631 895 758 958 verbum
779 891 883 976 απίζω
905 891 944 962 vd
966 895 1101 964 ametro
1125 920 1212 982 prae·

106 996 195 1072 terit,
226 1007 319 1082 atque
344 990 493 1084 φραὸής,
523 997 572 1062 oui
596 996 740 1062 adhaeret
763 997 936 1062 adverbium
963 997 1098 1085 φραδαῖς
1123 1025 1213 1087 φρα-

104 1101 214 1173 octaua
231 1099 367 1186 Hesycb.
404 1099 547 1183 Superest
565 1090 706 1186 ψευδής,
728 1120 786 1184 qno
807 1120 879 1164 num
897 1099 1045 1166 Homerus
1064 1123 1138 1166 usus
1158 1103 1210 1179 sit,

104 1202 177 1266 inter
203 1213 331 1266 veteres
359 1212 506 1266 certatum
535 1222 603 1266 esse
632 1210 750 1266 constat
777 1223 809 1266 v.
839 1201 947 1266 Lehrs.
973 1203 1096 1282 Quaest.
1124 1205 1210 1290 Epic.

104 1304 182 1388 Spec.
206 1303 231 1368 1.
257 1303 321 1369 35.’
345 1315 376 1370 et
396 1303 553 1368 biuetzell.
578 1306 614 1368 de
635 1303 751 1388 Tbeog.
775 1325 806 1388 p..
829 1302 904 1368 436.
935 1305 1092 1389 differtque
1116 1307 1213 1372 boca

103 1407 245 1492 prioribus
269 1429 308 1472 ea
328 1428 363 1470 re
386 1407 463 1490 quod
480 1405 670 1472 substantivo
691 1418 836 1492 agnatum
851 1417 897 1472 est
915 1407 1053 1492 ψεῦδος,
1076 1419 1109 1472 ut
1125 1410 1212 1496 ἐλεγ-

104 1505 156 1597 χής
177 1522 207 1574 et
229 1502 390 1596 ἕρεαθής.
433 1509 491 1574 Sed
512 1509 568 1574 bac
590 1509 689 1580 oblata
710 1510 869 1574 occasione
891 1532 952 1574 nou
973 1513 1212 1595 praetermittam

106 1634 260 1695 quaerere,
290 1633 378 1697 quam
400 1612 487 1676 fidem
509 1611 617 1676 babeat
637 1611 818 1696 adjectivum
838 1611 981 1702 ψεῦδος,
1004 1615 1082 1697 quod
1104 1614 1212 1678 Passo-

104 1715 163 1778 vius
184 1727 217 1779 et
239 1715 443 1778 Schneiderus
464 1715 502 1778 ad
522 1714 599 1778 Plat.
625 1713 693 1778 civ.
717 1714 754 1778 T.
778 1713 802 1778 1.
827 1737 857 1800 p.
881 1714 935 1780 39.
961 1716 1107 1807 Graeciae
1130 1718 1213 1782 inse-

105 1831 179 1882 runt.
224 1818 298 1883 Non
319 1820 428 1902 ignoro
450 1817 586 1901 equidem
608 1837 697 1900 saepe
717 1816 792 1880 illud
818 1839 885 1882 cum
906 1819 1056 1906 adjectivo
1079 1820 1212 1906 copulari

105 1919 176 1985 buno
197 1923 230 1985 in
253 1922 395 1985 modum:
429 1912 576 2004 πότερον
598 1912 662 1985 οὖν
684 1912 811 2006 α’ληθὲς
833 1925 925 1988 ἐστιν
949 1919 972 2009 ἢ
993 1922 1122 2010 ψεῦδος
1142 1923 1212 1988 Ari-

105 2034 168 2088 stot.
192 2024 298 2088 Probl.
320 2022 390 2086 XII.
415 2021 447 2086 3.
478 2018 518 2086 cd
543 2016 673 2107 ἁληθὲς
696 2019 720 2107 ἢ
744 2023 872 2112 ψεῦδος
900 2027 1028 2113 Dionys.
1055 2025 1142 2090 Antt.
1166 2027 1210 2088 X.

106 2125 158 2200 13,
179 2125 279 2194 2020.
305 2126 341 2188 T.
366 2125 418 2188 IV.
445 2123 536 2211 μίξις
557 2121 712 2211 diodonis
732 2125 790 2192 καὶ
811 2125 961 2213 ψεύδους
981 2129 1093 2194 Julian.
1120 2129 1210 2194 Caes.

106 2251 131 2312 p.
146 2228 218 2294 307.
232 2233 274 2294 Α.
295 2251 349 2313 pro
368 2234 432 2313 quo’
443 2227 593 2314 ψευδοῦς
610 2229 666 2296 καὶ
684 2224 839 2316 αἷληθοῦς
860 2230 972 2314 legitur
987 2231 1113 2296 Aristid.
1129 2230 1210 2294 Vlld.

108 2331 153 2398 52.
181 2333 216 2398 Τ.
242 2333 269 2398 1.
302 2332 475 2396 discrimine
502 2331 585 2394 nullo
614 2333 674 2396 nisi
702 2333 968 2412 accentiuuculae3
1009 2327 1092 2420 ὅπερ
1120 2332 1213 2398 ἐστὶν

106 2431 229 2504 ἄτοπον
251 2435 313 2502 καὶ
333 2419 460 2517 abaddon
482 2435 633 2500 Plutarch.
658 2435 694 2498 de
716 2435 787 2499 Fae.
812 2435 891 2498 Lua.
916 2457 944 2498 e.
964 2433 1016 2498 IV.
1040 2456 1070 2518 p.
1095 2433 1148 2498 31.
1174 2435 1211 2499 Τ.

107 2539 181 2602 XHl.
203 2541 260 2604 sed
284 2537 341 2603 boe
362 2539 440 2602 idem
462 2540 496 2602 tit
517 2539 597 2614 aliis,
622 2537 771 2624 σκῶμμα
792 2537 848 2604 καὶ
868 2537 1004 2625 γελοῖον
1023 2535 1067 2598 ld·
1086 2537 1211 2602 Praeco-

107 2642 174 2726 reip.
199 2665 226 2706 e.
245 2640 302 2705 VI.
324 2639 397 2706 150.
422 2641 458 2703 Τ.
478 2641 549 2704 ΧΗ.
574 2643 728 2721 utilitates
750 2651 783 2704 et
802 2639 960 2704 commodo
982 2640 1046 2703 Cic.
1072 2649 1131 2701 eto.
1156 2659 1213 2702 nec

107 2737 284 2821 momentum
310 2745 382 2808 facit
405 2743 532 2828 ψεῦδος
554 2743 590 2812 db
609 2745 668 2811 aab
693 2741 732 2810 cd
752 2735 971 2832 παράδειγμα
992 2741 1121 2806 Aristot.
1145 2742 1210 2805 Pol.
1345 2801 1348 2808 .

108 2845 140 2910 11.
163 2847 194 2925 5,
218 2848 276 2912 14.
301 2849 348 2912 cd.
374 2848 515 2912 Sebneid.
540 2870 567 2912 c.
592 2846 625 2912 8.
650 2870 679 2932 p.
703 2847 798 2924 1269,
824 2846 876 2912 19.
901 2845 996 2910 bekk.
1022 2846 1132 2910 nedum
1154 2844 1215 2909 He·

109 2952 197 3014 rodoti
223 2952 330 3028 loeus,
368 2974 427 3036 quo
455 2954 504 3018 vir
531 2950 635 3016 doctus
665 2951 762 3015 utitur
790 2931 919 3038 obeddom
947 2940 1113 3036 μαντήια.
1159 2947 1214 3012 Ubi

108 3053 166 3133 quis
191 3077 257 3120 non
284 3055 369 3118 malit
396 3066 551 3120 accentum
579 3065 777 3138 transponere
806 3075 893 3138 quam
918 3064 953 3117 ut
973 3053 1154 3138 adjectivum
1180 3052 1213 3114 in

109 3157 233 3222 ordinem
258 3157 385 3241 recipiat
405 3157 513 3221 tertiae
536 3158 745 3222 decbuationis
770 3157 803 3220 in
825 3142 871 3230 b}
885 3156 1095 3230 terminatum,
1110 3163 1113 3170 “
1126 3153 1213 3238 quale

109 3257 214 3322 nullum
237 3260 403 3324 novimus?
444 3261 488 3324 De
510 3255 655 3350 εὔτειχος
680 3260 826 3324 tritoclito
852 3259 954 3323 neseio
981 3258 1051 3344 quid
1075 3257 1239 3338 mussitat*

109 3357 277 3426 Eustatbius
298 3387 328 3448 p.
355 3361 456 3439 1045,
477 3361 547 3452 60.
564 3362 602 3428 τὸ
625 3363 726 3430 πόλιν
751 3361 899 3452 εὐτείχεα
920 3353 1215 3448 προπαροξύαεται

111 3459 166 3528 οὐκ
192 3461 263 3532 αἷπό
289 3464 352 3532 voti
379 3461 528 3554 εὐτείχης
555 3461 595 3532 ὃν
621 3462 706 3532 otto?
724 3462 819 3539 ,ααααὶ
847 3461 928 3538 τούς
952 3456 1212 3534 octavodecimo

111 3567 166 3632 cod
188 3564 353 3659 εὖτειχος,
373 3559 423 3636 ὀὗ
443 3566 559 3657 peracti
580 3563 754 3658 εὐτείχεος.
799 3569 857 3632 Sed
879 3578 1019 3642 veteres,
1043 3585 1117 3648 quos
1138 3562 1213 3626 alle-

112 3681 172 3749 gat,
200 3674 291 3757 longe
313 3674 464 3738 diversum
486 3673 638 3748 sensisse,
670 3693 711 3736 ex
732 3671 924 3760 sequentibus
946 3677 1090 3752 patescet.
1136 3665 1212 3728 Hine

111 3771 143 3832 ad
162 3773 212 3838 illa
234 3775 421 3860 proficiscar,
446 3797 522 3858 quae
544 3787 684 3840 auctores
706 3773 805 3838 minus
827 3773 966 3856 antiquos
988 3769 1108 3832 babent.
1149 3767 1214 3832 Pri-

112 3891 185 3937 mum
205 3877 399 3961 Empedocles
422 3878 495 3944 solis
518 3879 620 3942 orbem
642 3873 726 3964 oipe'o
747 3867 872 3942 oduino
894 3873 988 3948 dixit,
1013 3871 1089 3956 quod
1108 3868 1213 3940 Grani.-

112 3977 205 4040 matioi
219 3969 574 4069 interpretantur'sriuyo}
590 3981 640 4044 vel
653 3977 792 4066 παναγῆ
808 3977 922 4041 Aneed.
938 3997 968 4060 p.
979 3973 1054 4050 337,
1071 3971 1124 4036 13.
1143 3972 1213 4054 Hip·

113 4093 206 4156 P⁰¹¹tx
226 4075 514 4169 &yde-Bodmoioc
535 4107 588 4170 pro
610 4075 732 4171 ἐναγής
738 4131 750 4162 ,
779 4092 814 4146 ut
834 4079 924 4142 iidem
945 4078 1084 4142 referunt
1104 4074 1212 4160 produi-

115 4177 216 4246 otionis
236 4186 467 4275 securi,ssquam
489 4209 586 4275 neque
608 4207 756 4277 excusare
775 4183 911 4258 conabor
931 4181 1064 4246 hesiodio
1086 4173 1212 4246 ἐπαλέα

144 4279 246 4340 Lobccb.
265 4290 389 4357 Parale'p.
962 4282 1002 4348 11
