2914 4882
239 318 311 395 316
426 307 428 312 ’
600 315 917 388 Dtsssararto
946 317 984 384 V.

214 537 217 552 ·
241 501 422 589 adjectivum
449 500 566 588 quidem
594 499 651 564 sibi
680 509 798 564 constat
813 501 879 584 ³⁷);
913 499 1077 566 secundum
1103 495 1216 576 λευκός
1240 501 1334 568 eodem

240 607 327 671 modo
350 614 485 668 notatum
510 603 542 668 in
565 601 707 666 Philostr.
732 601 871 668 Hercioc.
894 601 982 666 XIX.
1009 599 1068 678 16,
1091 600 1166 667 746.
1208 601 1336 669 Fluctua

175 751 191 799 ,
239 718 382 774 accentus
405 705 545 792 adjectivi
560 699 709 790 ,περκνός
732 727 763 770 v.
779 705 897 770 Jacobs.
922 707 959 772 ad
978 705 1072 770 Anth.
1093 704 1129 767 T.
1148 703 1202 768 IX.
1222 728 1249 790 p.
1266 704 1333 770 163.

240 811 277 876 de
303 831 361 893 quo
385 808 557 895 praecipere
583 807 705 872 videtur
723 809 869 873 Arcadius
894 831 924 895 p.
948 807 1009 886 62,
1033 806 1065 872 5.
1095 829 1184 892 quum
1206 807 1274 872 dicit
1292 809 1336 872 ad·

234 913 350 999 jectiva
377 912 411 976 in
437 899 516 990 νῖις,
555 931 631 994 quae
660 920 731 973 ante
757 897 783 978 ν
810 932 911 1002 unam
926 910 1181 976 antistcecharum
1206 909 1336 986 habeant,

238 1014 324 1094 accip
356 1013 426 1078 hino
447 1012 565 1098 aquilae
587 1033 683 1097 genus
706 1005 850 1098 περκνός
871 1023 998 1078 vocatur
1018 1013 1147 1078 Aristot.
1168 1011 1289 1076 Mirabb.
1311 1031 1335 1074 ο.

236 1115 305 1180 LX.
335 1115 485 1200 accipitris
511 1114 652 1203 κέρκος,
683 1115 773 1198 piscis
801 1115 925 1202 πέρκη,
957 1126 1084 1182 accentu
1112 1125 1243 1180 retracto
1267 1115 1338 1178 sicut

237 1217 303 1283 avis
327 1212 461 1308 πύῤῥοι,
490 1221 589 1303 pisces
615 1217 779 1306 γλαῦκος,
804 1217 967 1305 βλέννος,
993 1213 1140 1305 μύλλος,
1170 1215 1338 1295 οκέιοανος,

237 1332 353 1407 σῖμος,
392 1321 427 1386 de
457 1341 515 1404 quo
545 1320 720 1386 nominatim
747 1321 891 1406 praecipit
918 1319 1093 1386 Eustathius
1124 1341 1154 1406 p.
1183 1317 1264 1395 966,
1289 1316 1336 1382 55.

237 1421 337 1510 σι’,ιιος
364 1421 437 1509 (sic)
463 1425 531 1509 μὲν
561 1415 678 1512 ἰχθύς,
712 1419 809 1510 cepada
837 1423 873 1492 db
900 1418 938 1490 cd
967 1421 1151 1502 ἐπίθετον,
1187 1421 1338 1504 eodemque
1427 1467 1428 1476 a

235 1528 322 1602 modo
343 1526 537 1610 Philoponus‚
561 1527 614 1588 sed
635 1520 761 1612 βλακός
783 1528 926 1592 scribitur
947 1527 1024 1611 apud
1042 1525 1221 1590 Erotianum
1243 1534 1273 1588 et
1290 1542 1338 1608 pro

234 1630 351 1703 οἴολος
371 1628 483 1716 Athen.
501 1627 567 1692 vtt.
588 1626 663 1694 326.
683 1629 719 1694 C.
743 1629 918 1696 Eustathius
940 1651 970 1713 p.
997 1626 1092 1707 1644,
1118 1627 1171 1694 12.
1196 1623 1340 1690 substituit

235 1723 360 1810 αἰόλος,
382 1751 480 1815 neque
501 1725 683 1806 λεπιδωτός
704 1733 795 1816 piscis
817 1731 933 1796 nilotici
954 1751 1064 1794 nomeu
1083 1729 1217 1794 Herode.
1235 1725 1272 1792 11.
1288 1725 1338 1792 72.
1427 1773 1428 1790 .

207 1831 386 1904 'Plutarch
412 1833 448 1896 dc
470 1831 510 1896 Is.
530 1833 642 1896 xvttt.
665 1834 737 1900 125.
763 1834 874 1900 Athen.
895 1833 961 1898 vlt.
985 1829 1060 1897 326.
1081 1832 1117 1896 Β.
1142 1833 1179 1896 ab
1202 1829 1339 1916 adjectivo
1427 1883 1428 1920 p

234 1934 440 2020 distinguitur.
486 1933 589 2018 ltaque
611 1938 749 2000 vocabuli
772 1935 934 2011 homerici,
960 1936 1039 2000 unde
1061 1934 1224 2023 disputatio
1247 1941 1341 1996 nostra

234 2039 393 2123 processit,
407 2049 558 2102 accentus
581 2039 613 2102 in
629 2040 771 2116 ¹lubrico;
802 2037 995 2114 Grammatici
1015 2029 1181 2124 μορφνόν
1200 2036 1340 2121 interpre-

234 2149 338 2209 tantm
360 2129 534 2208 οκονέινόν
564 2153 596 2206 et
623 2163 664 2206 ex
687 2133 810 2228 ὀρφνός
838 2151 937 2208 ortum
962 2162 1029 2205 esse
1057 2141 1183 2216 volunt,
1214 2137 1340 2220 idemque

231 2233 366 2328 μόρφος
387 2244 453 2310 sive
473 2237 608 2332 μορφός
635 2245 777 2310 scribitur
803 2245 835 2308 in
858 2246 942 2310 codd.
966 2243 1095 2308 Aristot.
1120 2243 1161 2308 H.
1185 2239 1266 2304 Anu.
1289 2238 1339 2302 tx.

217 2343 293 2433 31,
318 2345 348 2408 1.
378 2357 409 2410 et
429 2347 579 2434 Lycophr.
603 2344 679 2412 838.
704 2347 814 2412 omisso
836 2331 915 2414 b‘ut
935 2339 1074 2434 περκός,
1103 2348 1215 2412 furvus
1237 2355 1268 2408 et
1287 2343 1341 2406 ior·

176 2491 178 2495 -
218 2433 313 2512 *tasse
340 2441 445 2536 ὄρφος
472 2450 538 2514 sive
566 2445 687 2539 ὀρφώς.
733 2449 791 2514 Sed
812 2449 952 2536 adjectivi
979 2450 1061 2516 illius
1083 2445 1259 2533 exemplum
1283 2463 1340 2508 cer·
1428 2511 1429 2514 ,

231 2561 294 2616 tum
317 2573 379 2614 non
400 2552 550 2638 suppetit3
574 2573 642 2616 nam
665 2553 742 2638 quod
763 2554 839 2637 apud
858 2553 1019 2617 Hesiodum
1039 2552 1156 2637 legitur
1176 2557 1341 2638 pcoppucto
1428 2547 1429 2578 r

231 2646 398 2740 φλεγύαο,
429 2653 495 2718 ficri
517 2665 615 2737 potest
638 2667 673 2720 nt
697 2657 754 2718 duo
776 2655 964 2720 substantiva
985 2656 1097 2740 juncta
1125 2654 1190 2718 sint
1213 2645 1342 2734 exemplo

230 2755 451 2820 homericarum
482 2755 554 2840 ἴρηξ
580 2755 693 2846 κίρκος
722 2757 777 2820 Od.
800 2756 887 2820 Xlll.
911 2755 966 2821 87.
999 2757 1059 2834 οὕς
1084 2751 1223 2844 κοῖπρος
1249 2753 1284 2817 11.
1307 2750 1339 2814 V.

230 2855 306 2921 783.
331 2848 464 2943 δράκον
481 2852 563 2946 ,ὄφις
584 2859 660 2924 Eur.
680 2859 789 2925 bacch.
811 2858 907 2926 1627.
932 2853 1029 2946 ὄφιος
1051 2857 1182 2928 δεινοῖο
1206 2853 1343 2944 δράκον-

228 2983 288 3033 τος
309 2958 432 3024 Hcsiod.
456 2959 512 3024 Th.
536 2961 612 3030 321.
638 2959 707 3030 ν’πὸ
729 2959 915 3048 δράκοντος
935 2963 998 3030 τοῦ
1019 2957 1131 3050 ὄφεως
1153 2961 1284 3026 Aristot.
1306 2956 1338 3020 H.

228 3063 312 3127 Anu.
332 3059 412 3128 Vllt.
435 3061 490 3140 26,
516 3063 568 3130 12.
593 3085 624 3149 p.
643 3063 725 3142 662,
748 3063 802 3132 25.
827 3087 924 3150 neque
948 3068 1047 3130 obstat
1068 3067 1238 3130 verborum
1260 3059 1343 3126 collo·

230 3165 328 3243 catio,
358 3165 394 3230 de
416 3185 473 3252 qua
496 3164 597 3232 Schol.
621 3167 658 3234 11.
681 3166 781 3232 XVll.
806 3167 881 3234 389.
911 3167 979 3236 ἔδει
998 3163 1082 3256 βοὸς
1104 3159 1242 3254 τφύρον
1262 3186 1342 3250 mpo-

228 3262 366 3338 τάσσειν
387 3266 427 3336 od
446 3268 582 3358 paranda
603 3269 667 3338 τοῦ
689 3269 815 3339 εἰδικοῦ
839 3273 888 3357 (ut
908 3272 981 3336 urbs
1002 3271 1113 3348 Roma,
1136 3271 1256 3336 flumen
1272 3267 1342 3334 Rhe·

233 3425 444 3440 m

297 3520 435 3592 361136]
453 3519 606 3576 Thessaliae
624 3521 687 3576 urbs
705 3538 721 3574 a
739 3523 867 3590 Stephano
884 3529 1051 3576 memoratur.
1088 3519 1165 3576 Palta
1182 3519 1342 3575 Macedoniae

228 3608 414 3678 innominata
432 3608 528 3660 dicitnr
551 3599 597 3662 ὅτι
613 3606 680 3678 βοῦε
695 3605 781 3678 αὐτὴν
794 3599 858 3677 εὗρε
874 3605 960 3676 addin
980 3608 1069 3678 Etyma.
1088 3607 1123 3661 dd.
1146 3609 1218 3671 633,
1239 3609 1283 3662 38.
1316 3605 1341 3657 lt

231 3692 363 3760 Sophoclis
376 3693 508 3762 Amphiar.
523 3693 567 3746 Fr.
585 3692 630 3746 VI.
648 3691 727 3747 κονδι
743 3689 826 3762 κέλης
840 3713 870 3747 τι
886 3690 1008 3764 midde
1024 3692 1089 3759 βοδε
1106 3693 1201 3762 (iduor,
1219 3711 1272 3762 qno
1288 3691 1340 3744 trit·

229 3785 277 3846 tyn
299 3779 441 3844 significari
463 3779 571 3831 videtur
593 3779 644 3830 diis
665 3777 757 3830 inieris
780 3779 999 3848 psychagogornrn
1023 3781 1078 3832 ritu
1098 3780 1206 3842 oblata,
1236 3780 1343 3834 ramoso

162 3885 164 3893 =
230 3861 392 3915 scribendum
414 3860 467 3936 βοῧ
485 3859 515 3919 τ’
532 3858 647 3936 ι’ίῤῥενοε
669 3855 725 3916 sive
745 3859 871 3932 ι’ίρσενοε,
898 3865 921 3918 ai
943 3865 1047 3934 quidem
1065 3862 1208 3934 Sophocles
1233 3865 1342 3933 genitivo

227 3945 280 4018 poi
303 3949 365 4000 alibi
388 3965 453 4003 usus
475 3967 533 4003 ease
554 3951 662 4003 dicitur.
698 3948 821 4002 Rciskins
838 3951 871 4002 ad
889 3950 1024 4005 Constant.
1043 3969 1071 4022 p.
1089 3952 1154 4007 166.
1176 3951 1282 4020 pearata
1302 3963 1343 4018 pre

222 4033 327 4102 polluto
348 4035 401 4088 dici
424 4037 572 4098 existimat,
601 4052 648 4088 nac
670 4036 747 4088 dubia
771 4043 812 4088 eat
828 4036 957 4090 nominum
972 4036 1070 4096 πελλοέ
1092 4039 1200 4108 pullus,
1230 4046 1258 4090 et
1274 4035 1343 4104 pollis

228 4120 297 4172 nnde
313 4119 502 4193 πελλοῤῥοὶφοε
520 4125 651 4190 cognatio,
673 4137 753 4192 qnam
771 4122 922 4178 confirmant
939 4124 1044 4191 dorum,
1066 4125 1130 4180 ura
1148 4133 1179 4178 et
1197 4118 1344 4178 tondum

223 4213 265 4259 eat
280 4203 390 4274 πολλός,
411 4203 518 4264 πολιός.
