2940 4894
217 317 267 386 en
575 310 898 385 urssnunauto
926 313 971 378 tt.
1086 376 1117 400 „
1170 271 1178 278 ’

216 497 305 582 lmjne
328 467 438 580 obliqul
460 506 577 596 mptum
599 515 686 562 casus
704 496 935 578 frequentantur
949 489 1009 580 ³⁴).
1043 491 1221 559 Ceterarum
1240 477 1335 577 liqnie

216 599 321 662 olerum
343 597 426 662 nulla
448 597 517 662 huie
539 599 646 664 literae
663 599 769 683 juncta
790 597 957 680 reperitur,
989 603 1197 679 praeterquam
1219 597 1252 660 in
1273 617 1331 659 vo·

117 707 121 714 '
217 700 329 766 nebulis
355 701 449 764 deviis
472 701 692 783 obsoletisque‚
724 699 798 788 χέας
820 701 855 767 in
875 696 1053 762 Timoeratis
1075 717 1167 764 versu
1195 719 1243 781 ap.
1267 697 1331 762 lle·

216 799 332 887 phaust.
354 801 378 864 l.
398 801 431 864 2.
455 802 559 886 Tonpii
582 801 788 868 emendatione
811 799 960 883 plausibili
981 799 1158 882 repositum,
1183 809 1214 872 et
1235 819 1331 884 panea

220 904 373 988 hisyllabe.
389 902 516 990 Tipuor
538 915 569 968 et
589 895 737 989 μάκαρα,
759 921 834 986 quae
858 921 923 970 eum
946 901 1020 990 χέρα
1042 895 1073 966 et
1094 897 1155 976 σ’ἱλς
1178 903 1332 987 componit

219 1005 418 1091 Hephaestio,
445 1004 582 1093 περίηρς
604 1006 705 1091 Etym.
728 1005 771 1080 Μ.
796 1003 878 1080 663,
903 1003 955 1067 55.
980 1014 1012 1067 et
1033 1015 1170 1087 qnartqm
1194 998 1332 1094 Σάλαρς

215 1109 333 1173 insulae
355 1129 463 1172 nomen
486 1130 517 1170 v.
540 1107 680 1192 Stephan.
704 1106 754 1172 eui
777 1105 875 1173 simile
897 1105 975 1173 Sors
997 1106 1155 1190 Hispaniae
1178 1108 1287 1173 lluvius
1310 1129 1330 1172 a

216 1210 334 1306 graecis
352 1209 529 1294 geographis
549 1209 789 1293 praetermissus.
817 1207 880 1296 Nee
899 1207 1021 1272 omnino
1041 1207 1135 1282 multo
1156 1210 1241 1294 plura
1259 1231 1331 1284 esse
1462 1279 1463 1282 ,

217 1311 304 1378 testis
327 1322 373 1376 est
392 1311 492 1378 Selrol.
510 1308 639 1401 Dionys.
661 1311 793 1374 Gramm.
814 1332 843 1394 p.
861 1307 1069 1377 823.’πολλοι“
1092 1315 1139 1385 εἰς
1161 1306 1220 1378 δύο
1242 1305 1331 1397 σύμ

218 1436 316 1500 μονα
338 1403 486 1502 λήγοντα
509 1409 570 1482 onia
594 1411 697 1494 aiolo,
726 1413 757 1478 αι’
775 1409 826 1498 μή
848 1413 887 1478 τό
910 1411 988 1492 otte,
1016 1412 1159 1500 Τι’ρονς,
1180 1409 1329 1502 μα’καρς,

217 1508 368 1604 δάμορς,
398 1503 523 1603 quonium
547 1514 661 1581 nullum
684 1513 800 1598 publico
822 1535 878 1577 usu
902 1515 1083 1583 celebratum
1106 1527 1170 1594 est,
1199 1537 1237 1580 ne
1265 1514 1331 1584 Tt-

216 1641 299 1708 ρονς
321 1619 456 1704 quidem,
487 1617 523 1680 de
545 1637 603 1701 que
625 1617 779 1702 postmodo
803 1617 929 1680 licetur.
1035 1630 1038 1638 '

730 1805 758 1889 q.
782 1803 814 1870 e.

298 1923 453 2008 Pergimus
475 1924 511 1987 ad
535 1923 691 2020 duplices*
720 1922 772 1990 To*
794 1915 1039 2012 μονοσύλλαβα
1061 1927 1108 2000 εἰς
1128 1910 1175 2002 οἷ
1189 1925 1329 2012 alpiano?
1462 1937 1463 1982 t

214 2028 283 2114 μὲν
306 2019 390 2092 ὄντα
413 2025 583 2092 συστέλλει
603 2021 642 2091 τὸ
665 2052 703 2106 α,
727 2020 814 2104 omri&
835 2023 857 2113 ἦ
875 2018 1091 2107 ariamiri&
1114 2021 1212 2107 πλολξ,
1234 2029 1328 2116 γλάξ,
1462 2069 1463 2104 2

216 2121 306 2220 δροῖξ.
349 2127 393 2196 ‘H
416 2125 452 2196 ut
477 2131 538 2214 ραξ
562 2120 651 2216 (orig)
676 2129 858 2198 ἐκτέταται.
908 2125 1023 2198 Talus
1049 2129 1242 2198 ἐκτείνοντα
1264 2130 1329 2219 eip-

217 2227 332 2302 σενιαοί
355 2234 429 2306 εἰσι,
450 2223 550 2320 βλιέξ,
572 2229 663 2316 κοάξ,
684 2225 789 2310 πτοῖξ·
818 2229 856 2298 τὸ
878 2230 914 2298 δὲ
936 2227 1036 2318 Προῖξ
1057 2237 1238 2322 ἱστορεῖται
1257 2237 1329 2321 μὲν

101 2389 104 2398 .
214 2331 424 2402 ἐντείνεσθαι
445 2333 537 2417 (sie),
567 2331 696 2420 ἐγένετο
720 2333 755 2399 δὲ
776 2331 948 2424 Ἀχιλλέος
970 2329 1158 2426 α’τιόγονος,
1184 2333 1271 2404 ὅθεν
1294 2341 1330 2404 ol

215 2437 355 2522 Πριῖκες
378 2435 474 2500 Draoo
498 2458 526 2520 p.
548 2435 597 2500 19.
623 2445 654 2501 et
675 2433 728 2502 80.
753 2437 846 2522 Regg.
867 2437 990 2500 Prosod.
1013 2437 1052 2502 N.
1071 2435 1126 2533 63,
1145 2439 1220 2504 434.
1259 2441 1326 2504 Pri-

215 2540 295 2604 in'um
318 2560 427 2603 nomen
451 2538 600 2624 persicum
626 2549 691 2614 est,
725 2542 887 2604 seeundum
912 2553 1101 2625 corruptum,
1133 2553 1166 2606 ut
1191 2543 1326 2622 videtur,

214 2664 268 2730 pro
289 2634 369 2720 στιλξ
391 2643 468 2726 quod
489 2642 521 2704 in
541 2652 606 2704 arte
625 2642 816 2726 praetexitur
837 2642 961 2728 obliquis
984 2664 1017 2708 v.
1033 2642 1135 2705 Seliol.
1152 2645 1250 2729 Apoll.
1270 2645 1324 2710 IV.

215 2743 290 2811 626.
304 2744 443 2808 ‘tertium
465 2739 489 2828 η’
510 2736 594 2820 πλοῖξ
615 2745 647 2807 in
671 2765 742 2808 easu
763 2754 847 2808 reeto
870 2743 981 2828 legitur
1002 2743 1150 2828 Theophr.
1175 2747 1213 2810 de
1234 2747 1324 2812 Sens.

215 2844 275 2926 73,
299 2845 374 2909 677.
400 2845 525 2910 Luoian.
550 2845 653 2910 Somn.
678 2845 705 2928 ἓ.
731 2845 762 2910 3.
789 2845 872 2910 Paul.
898 2847 1003 2910 Silent.
1029 2845 1115 2910 Amb.
1140 2845 1194 2911 37.
1221 2849 1323 2944 Seluol.

87 3020 91 3028 ,
214 2947 384 3016 Theoer.·l.
403 2947 456 3014 57.
481 2949 620 3014 Photius:
647 2941 747 3026 Πλοὶξ
765 2945 788 3034 q‘
803 2947 931 3036 γαστήρ
951 2949 1007 3014 καὶ
1027 2945 1065 3020 τὸ
1083 2955 1119 3015 ἒν
1137 2949 1328 3020 πλακοῦντι

214 3047 349 3144 ῥύμμα,
370 3043 483 3117 πλάκα
501 3049 565 3138 τήν
583 3045 739 3144 poloque}
760 3047 825 3135 τήν
843 3051 1005 3140 γαστέρα,
1028 3073 1154 3136 quarum
1175 3054 1326 3138 interpre-

214 3156 361 3220 tationum
382 3153 532 3236 posterior
554 3154 696 3216 convenit
718 3175 784 3216 oum
800 3154 918 3238 planus
939 3156 1047 3218 uenter
1069 3155 1155 3220 ovio.
1175 3155 1273 3218 Amm.
1297 3155 1323 3220 l.

215 3257 254 3335 5,
277 3257 331 3324 21.
359 3256 441 3342 prior
463 3278 529 3348 epm
551 3246 815 3344 br'aiohyparaleoto
832 3257 947 3348 plaga.
994 3257 1137 3338 Quartum
1159 3252 1239 3344 γλάξ
1259 3261 1327 3345 βο-

182 3353 302 3446 ’ντσῖνη
325 3355 571 3447 γαλαντοπσιός
600 3359 709 3422 Areae.
737 3380 766 3444 p.
793 3359 872 3436 125,
897 3359 928 3423 5.
966 3360 1066 3446 Etym.
1092 3361 1134 3424 M.
1160 3359 1242 3440 232,
1267 3360 1322 3426 37.

121 3476 124 3492 “
213 3463 352 3527 Eustath.
378 3457 478 3538 1251,
504 3460 557 3526 19.
589 3467 664 3545 quae
687 3485 705 3524 n
728 3461 902 3524 Dioscoride
928 3472 959 3526 et
981 3463 1076 3527 Plinio
1097 3465 1204 3549 glorta:
1232 3466 1325 3546 (anti-

214 3567 314 3650 quitus
339 3565 531 3649 eugalacton)
558 3565 661 3628 vocari
686 3564 823 3645 videtur,
857 3565 1002 3649 originem
1029 3566 1124 3630 traxit
1150 3588 1168 3629 a
1192 3565 1324 3632 themate
1346 3575 1353 3582 '

213 3661 292 3756 γαλλ,
316 3668 392 3751 quod
415 3688 504 3750 quum
525 3666 611 3751 alpha
633 3677 667 3731 ut
687 3659 812 3749 θοίνα.
825 3659 934 3753 θαῖμα,
952 3663 1087 3747 ταλοέα,
1105 3667 1238 3758 ,haberet
1259 3690 1324 3732 mo·

216 3837 427 3850 W

284 3941 329 4008 31)
354 3939 420 4000 llos,
446 3939 489 4006 qui
507 3931 556 3992 tlte
573 3941 623 3991 nisi
642 3941 764 4008 adjuncto
789 3924 900 4011 χόνδρος
922 3941 974 3994 uici
991 3948 1129 4006 negarent,
1155 3929 1257 3991 errasse
1278 3941 1359 4005 de·k

119 4045 123 4053 ·
213 4034 359 4080 monstrant
376 4025 471 4077 Aneed.
492 4025 572 4076 Bekk.
593 4043 618 4092 p.
640 4027 715 4080 1317.
754 4024 857 4092 Obliqui
876 4041 951 4078 eusus
970 4043 1092 4096 persaepe
1109 4027 1232 4091 leguntur
1254 4027 1322 4092 apud

214 4099 400 4181 Hippoo'ratem.
429 4111 480 4162 Sed
497 4113 600 4178 saepius
619 4115 697 4164 etlam
714 4109 761 4165 tte
778 4101 891 4181 χόνδροι
907 4127 954 4179 pro
968 4111 1107 4182 χονδρίτην
1122 4112 1166 4164 vel
1180 4107 1245 4166 eilde
1258 4109 1323 4180 χόν-

214 4199 278 4268 δροι
295 4215 320 4250 v.
340 4195 456 4261 Elmslej.
477 4197 608 4264 παλαίει.
629 4199 693 4250 Aah.
715 4197 773 4264 tto.
792 4195 893 4250 torota
912 4201 946 4270 aql
962 4199 1041 4255 Anth.
1062 4198 1093 4254 T.
1113 4197 1144 4252 11.
1164 4214 1190 4272 p.
1211 4197 1271 4252 tta.
