2914 4882
157 329 159 334 ·
242 293 318 363 568
600 290 917 361 utssettrnulu
945 291 983 358 V.
1055 277 1059 287 ¹

248 469 344 560 gyptii
365 493 397 540 v.
420 469 591 540 Tasehunk.
613 470 683 536 Vol.
706 470 747 534 11.
776 470 812 534 Ρ.
835 470 860 534 1.
885 468 960 536 186.
983 479 1016 536 ut
1036 468 1205 534 Ptuutinun
1225 471 1340 556 tragico·

250 573 421 652 comoedia3
453 595 549 659 neque
584 585 685 640 tamen
715 573 824 642 dieitur
850 572 905 636 lex
932 571 1116 638 Aelioseutia
1149 571 1198 636 vel
1224 572 1341 637 lininio·

249 676 349 741 mueia
370 685 404 740 ut
425 675 512 742 hodie
532 677 699 742 insoribe're
728 675 829 740 solent
849 673 1076 742 dissertationes
1101 673 1341 759 historieopluilo·

193 771 195 776 ’
250 778 392 864 logicae,
435 779 488 842 sed
515 777 604 845 Aelia
631 777 735 857 Sentie
765 789 824 842 ete.
861 777 1066 860 Pindarusque
1098 774 1187 840 Nem.
1216 773 1266 840 111.
1295 773 1341 840 38.

251 890 373 946 eoactus
399 888 446 944 est
467 880 567 952 dinero
587 875 677 968 ἥρως
700 872 783 954 θεός
805 877 1077 964 extrasynthesiu‚
1095 898 1182 962 quam
1200 878 1345 942 admittunt

250 976 558 1070 ἀνθρωποδαίμων
590 994 621 1048 et
651 979 906 1071 βροτοδαίμαν.
956 975 1139 1068 Ἀφροδίτη
1152 975 1244 1070 Ἥρα
1264 979 1342 1046 Paos.

251 1083 304 1151 lII·
329 1081 389 1162 13,
412 1081 444 1150 6.
470 1084 626 1152 siobelisio
656 1107 724 1152 esse
751 1085 871 1150 videtur
893 1082 1001 1148 Venus
1022 1085 1207 1169 cognomine
1227 1083 1301 1146 Iuno
1320 1081 1345 1144 it

252 1197 301 1254 est
322 1187 509 1274 conjugalis,
538 1210 596 1276 quo
625 1201 711 1274 paeto
733 1184 824 1262 Ζεύς
849 1182 1048 1272 Ἀσκληπιός
1071 1185 1180 1249 Galen.
1211 1185 1247 1258 de
1266 1183 1343 1246 Adn.
1410 1169 1411 1184 ¹

251 1291 343 1355 Anat.
368 1289 395 1356 1.
417 1289 459 1372 2,
476 1288 550 1362 28.
567 1291 603 1356 T.
626 1291 679 1356 IV.
692 1292 738 1375 ⁸⁵)
772 1287 946 1376 ,Ἡρακλῆς
968 1285 1131 1376 Θεμίσων
1155 1287 1264 1352 Athen.
1287 1283 1344 1350 VH.

252 1391 328 1458 399.
351 1394 390 1458 Α.
412 1387 550 1480 Κύπρις
567 1385 734 1481 Ἀρσινόη,
754 1387 937 1480 Ἀφροδίτη
953 1388 1078 1477 Λαμία
1101 1401 1161 1456 eto.
1185 1388 1345 1475 pleniusque

248 1491 477 1584 ,Μενεκράτης
511 1494 530 1562 ὁ
555 1492 646 1572 Ζεύς
679 1491 946 1581 ἐπικαλούμενος
974 1494 1085 1558 Athen.
1117 1491 1184 1560 Vll.
1216 1488 1288 1554 289.
1314 1487 1345 1552 Α.

254 1597 312 1662 Sed
340 1599 375 1662 de
406 1599 577 1683 compositis
608 1621 667 1664 uon
696 1620 766 1663 raro
796 1597 939 1662 dubitatio
960 1596 1107 1674 incessit,
1145 1613 1286 1679 quaenam
1313 1589 1347 1654 sit

253 1700 395 1785 partium,
418 1702 524 1786 quihus
547 1713 707 1778 onustant,
733 1703 870 1766 intense
892 1700 1000 1790 ratius
1024 1699 1139 1774 neude
1160 1694 1284 1784 propriis
1306 1713 1347 1756 so-

254 1803 316 1868 lnm
338 1804 391 1868 sed
421 1803 510 1868 etiam
538 1805 735 1890 appellativis.
784 1803 860 1870 Nam
889 1795 1222 1889 μορμηκοίνθρωπος
1245 1793 1345 1882 signifi·

254 1927 325 1970 eare
347 1917 447 1992 potest
466 1902 527 1972 τὸν
543 1902 649 1974 αὐτόν
669 1899 836 1995 μύρμηκα
858 1900 943 1972 ὄντα
960 1905 1019 1972 καί
1033 1899 1239 1990 ἄνθρωπον,
1261 1918 1346 1982 neque

254 2007 355 2076 minus
377 2007 438 2078 κὸν
455 2013 491 2075 ἐκ
507 2005 702 2097 μυρμήκων
723 2005 850 2094 ἤκατοί
873 2002 1058 2096 μύρμηκας
1082 1997 1258 2094 γεγονότα.
1294 2001 1346 2064 Εκ-

250 2111 380 2196 demque
392 2112 568 2197 ambiguitas
581 2112 809 2198 adJeetivorum.
853 2110 987 2196 Namque
1000 2107 1267 2198 α’ραιοωέρισσος,
1282 2103 1347 2192 yiv-

254 2205 428 2301 κκίπικρος,
450 2210 689 2302 λειαύοτηρος,
711 2205 943 2306 λενκόπνῤῥος
964 2214 1093 2278 Aristot.
1123 2211 1163 2275 de
1187 2209 1285 2274 Color.
1301 2205 1344 2270 Vl.

255 2314 398 2391 792,16.
422 2317 640 2404 λενκομίλας,
662 2309 906 2406 μελανόφακος.
929 2307 1157 2406 αἰχρόξανθος,
1172 2311 1345 2398 αίίοηίίοκο,

256 2417 467 2498 ἀκίοαωαναε,
490 2421 557 2486 sine
580 2422 666 2486 dubio
689 2443 730 2485 ex
751 2423 870 2507 paribus
894 2423 1002 2508 juncta
1023 2427 1094 2484 sunt
1118 2429 1154 2482 ut
1174 2433 1346 2480 saner-eun·

255 2530 326 2586 otus
346 2523 412 2588 sive
433 2534 665 2590 sacrosanctus.
708 2525 773 2590 Nee
794 2525 893 2588 minus
922 2535 1038 2588 eertum
1073 2514 1349 2606 οἶνθηροποίκιλοε

255 2621 399 2690 Philode
421 2625 525 2692 Somn.
547 2626 664 2712 ρ..719.
688 2628 726 2692 Ε.
748 2624 1010 2712 ποικιλίραθρος
1024 2635 1055 2690 et
1067 2617 1349 2710 ἐροθροποίκιλοε,

256 2746 298 2790 ex
320 2727 440 2812 obliquo
462 2739 494 2794 et
514 2741 598 2798 recto
621 2741 760 2796 constare
782 2751 855 2795 easu
868 2729 991 2814 perinde
1006 2739 1040 2794 ut
1054 2725 1259 2813 germanicum
1273 2721 1349 2784 bunt·

252 2828 395 2916 gesteelot
410 2840 441 2896 et
462 2852 603 2916 graecum
624 2854 644 2898 a
665 2833 851 2906 substantivo
879 2831 1075 2917 compositum
1095 2821 1350 2918 χρυσοποίκιλοε·
1410 2779 1413 2936 6

230 2923 315 2998 ’δαί
336 2932 373 2996 de
399 2929 603 3022 μωρόοοφος
631 2935 685 3002 vix
712 2935 771 3000 diei
800 2935 930 3020 poterit,
957 2945 1059 3000 utrum
1087 2935 1211 2998 denotet
1240 2927 1297 2994 τὸν
1315 2917 1349 2990 κοί
1412 2943 1413 2956 ’

255 3029 357 3120 μωροί
382 3033 499 3124 σοφόν.
510 3049 545 3104 ut
566 3034 585 3105 o‘
604 3035 647 3104 uui
671 3035 777 3124 μικροί
798 3032 914 3112 ἄδικος
934 3036 1041 3100 Liban.
1065 3035 1150 3100 Deul.
1176 3035 1213 3099 Τ.
1236 3031 1260 3096 1.
1282 3023 1346 3098 248·

256 3155 345 3220 quem
367 3138 508 3206 Horatius
530 3140 708 3207 insanientis
730 3141 896 3226 sapientiae
918 3138 1086 3207 eonsultum
1103 3138 1229 3212 dixerit,
1252 3131 1346 3203 ansio,

149 3317 153 3328 .
257 3239 372 3306 utalia
397 3239 774 3328 disparatadmuco'dmon
794 3244 870 3308 Phil.
895 3244 931 3308 de
951 3242 1048 3308 Judie.
1072 3263 1101 3326 p.
1116 3239 1191 3306 719.
1214 3239 1250 3305 E.
1273 3233 1349 3320 είψη·

152 3420 153 3424 ¹
256 3335 458 3422 λοτοίπεινος
476 3347 532 3416 καί
554 3341 804 3436 μεγαίόμικρος
836 3348 872 3412 de
891 3345 1013 3432 Joseuh.
1043 3365 1072 3428 p.
1097 3341 1172 3415 546.
1198 3342 1234 3406 6.
1258 3338 1349 3424 quitus
1411 3355 1413 3394 t

255 3465 442 3533 nequaquam
464 3450 682 3536 aequiparanda
697 3462 768 3516 sunt
788 3444 1024 3538 μηαλοίδικος,
1037 3440 1288 3536 μικροπόνηροε
1299 3449 1348 3506 0²⁰·

344 3652 459 3720 Prioris
482 3654 577 3741 igitur
597 3657 736 3742 generis,
766 3657 844 3742 quod
864 3677 906 3721 ex
927 3653 1084 3741 disparatis
1113 3653 1273 3717 eondatunu
1299 3654 1349 3720 esi,
1412 3641 1413 3646 ¹

327 3841 372 3904 86)
390 3838 457 3897 zita
467 3834 651 3914 Ἀμφιοίραοε.
660 3843 814 3898 Dicaearch.
832 3841 866 3898 V.
883 3841 975 3895 Graue.
996 3857 1022 3909 p·
1039 3843 1100 3897 122.
1121 3841 1153 3894 Τ.
1172 3839 1204 3894 11.
1228 3838 1268 3890 ed.
1290 3831 1349 3888 616·

258 3918 327 3982 zita
341 3917 513 3997 Τροφοίνιοε,
530 3925 595 3984 Zarin
605 3926 804 4002 Ἀγαμέμνων,
824 3926 964 3984 Ποσειδῶν
976 3923 1135 3996 Ἐρεηθωίὴ
1149 3920 1281 3993 ''Am“
1292 3917 1352 3986 '19¹'

185 4083 187 4088 Ι
258 4012 364 4079 γένεια,
378 4008 492 4083 Ἀθηνᾶ
507 4012 613 4085 Γοργοί,
633 4031 740 4084 quorum
753 4025 838 4069 tanuen
851 4017 980 4068 nominum
994 4015 1117 4066 nonnulla
1129 4008 1351 4077 strumentus·

259 4105 323 4148 sunt
339 4099 383 4150 uel
404 4100 499 4154 loouliu
517 4102 561 4155 vel
579 4103 738 4158 attributive
758 4093 885 4174 ἐρκκθωίε
905 4097 1079 4172 ὅίρίςθακ,
1101 4091 1155 4170 ἦρι
1173 4101 1252 4159 ΜΝ,
1278 4105 1350 4166 W

259 4180 353 4256 root
370 4180 513 4280 ῖννένιε·
