2940 4894
289 317 347 392 ltu
373 320 538 394 Nottlre
566 319 739 390 MONOS.
769 319 876 390 e.11.
906 321 935 408 5.
957 320 992 391 2.
1132 325 1204 396 129

98 501 172 570 leuto
190 503 322 580 derivat,
346 503 395 569 eui
414 501 542 608 tempori
563 495 715 568 simillima
730 501 863 588 pavie,
881 507 1041 588 procedre,
1064 502 1205 590 oeajump

97 607 280 692 indidemque
309 605 377 670 duoi
405 625 492 690 posse
522 604 668 689 simplicia
689 625 780 689 pum,
810 604 886 681 lem,
917 625 999 682 nrm,
1036 607 1207 690 apparete

96 709 199 793 meni,
222 707 383 783 intellexi,
407 717 529 786 erotus,
560 713 657 789 neque
679 707 823 770 ebeormm
845 705 966 772 videtur
987 707 1126 792 artisem,
1149 730 1206 774 eu·

98 832 173 896 nepe,
193 817 322 886 rmum,-
346 809 440 887 obem,
463 811 581 886 innon,
610 807 749 873 conferre
772 829 839 872 eum
861 808 972 874 futuris
993 810 1077 886 luo,
1103 831 1203 896 capso,
1320 821 1324 828 “

95 933 165 987 axo,
195 911 351 997 objexim,
380 912 497 976 neuim.
543 911 655 976 Verum
682 931 700 974 a
721 910 823 976 verbis
847 909 930 996 puris
955 933 1031 996 quae
1055 915 1206 1000 originem

96 1013 222 1088 trabunt,
247 1013 347 1098 sigma
366 1015 558 1078 estrimeous
577 1022 755 1078 mutuentur
776 1033 902 1078 neeesse
923 1020 982 1090 est,
1006 1035 1119 1092 eomes,
1143 1027 1206 1081 tre-

96 1137 165 1191 mes,
187 1117 332 1191 andstes,
355 1131 511 1192 mansues,
534 1137 659 1200 qnorum
679 1112 793 1180 'verulis
814 1117 917 1182 nativa
939 1127 998 1193 est,
1021 1127 1052 1183 et
1073 1117 1205 1204 inquies,

96 1217 208 1302 proles,
243 1218 402 1304 (torques,
426 1218 528 1302 sedes)
555 1217 661 1302 quibus
688 1219 808 1284 aliunde
834 1219 930 1284 venit.
974 1218 1078 1304 Neque
1105 1223 1206 1288 minus

96 1341 162 1404 puae
184 1341 204 1384 a
226 1320 386 1384 contrario
405 1341 537 1406 genere3
565 1322 617 1386 sed
640 1307 714 1386 bueo
735 1321 846 1408 triplici
867 1322 998 1386 ratione.
1031 1321 1109 1387 Nam
1128 1345 1205 1408 puae

97 1423 179 1486 verba
201 1443 298 1487 unam
320 1443 363 1486 ex
383 1421 478 1488 tribus
500 1423 732 1488 immutabilibus
755 1423 937 1493 eataleetiois
958 1445 1012 1509 pro
1031 1423 1205 1508 charactere

96 1521 215 1602 babent,
257 1545 327 1590 eam
353 1525 559 1614 interruptam
590 1527 628 1590 ad
654 1526 778 1592 nomina
804 1526 1033 1604 transmittunt,-
1070 1529 1204 1612 praesul,

97 1647 178 1690 osoeu
195 1627 262 1713 ¹⁷),
296 1627 456 1704 eureioeu,
483 1649 596 1714 agger,
622 1629 759 1705 adulter,
785 1629 911 1714 legifer,
937 1628 1089 1714 armiger3
1127 1631 1206 1713 quod

98 1747 182 1812 genus
203 1749 223 1792 a
241 1747 356 1813 graeco
378 1745 517 1795 sermone
538 1732 634 1797 abest.
670 1731 848 1812 Quaerere
868 1741 980 1796 mamm
1002 1731 1113 1796 babent
1134 1732 1206 1796 stir-

96 1829 135 1912 pis
158 1829 336 1916 primitivae
365 1820 551 1914 extremam,
584 1855 649 1900 eam
675 1833 729 1898 abt
754 1833 898 1920 ainoiuut
925 1843 1057 1900 assumto
1087 1834 1203 1918 sigmae

97 1929 199 2016 impes,
222 1953 374 2018 praepes,
396 1935 503 2013 obses,
525 1959 629 2015 reses,
652 1937 752 2013 deses,
774 1935 875 2014 ineius,
898 1937 1041 2012 subscus,
1066 1937 1203 2014 nelrens,

97 2031 249 2118 libripens,
284 2045 337 2101 aut
358 2050 485 2104 servant
503 2039 682 2130 interposita
700 2039 818 2107 venalis
841 2038 955 2104 arbiter
974 2042 1043 2124 (pro
1063 2039 1204 2125 arbiter),

97 2135 255 2222 interpres,
286 2139 405 2225 indiges
426 2140 501 2227 (uisi
522 2143 579 2208 boe
600 2165 619 2210 a
640 2163 697 2228 geo
718 2142 817 2228 potius
839 2151 927 2226 quam
948 2143 985 2206 ab
1006 2163 1206 2227 ageeompo·

97 2238 177 2304 situm
206 2245 276 2326 est)
307 2240 341 2306 in
370 2264 465 2328 eoque
495 2257 664 2328 sequuntur
692 2245 863 2330 exemplum
894 2243 1072 2330 simplicium
1101 2247 1205 2322 tudes,

98 2343 209 2422 uetes,
233 2344 366 2422 caedes,
391 2356 493 2432 teges,
524 2357 581 2414 ned
602 2348 769 2414 verbalium
790 2348 877 2412 modo
899 2348 953 2412 sed
975 2357 1007 2410 et
1028 2367 1208 2433 paroupmo-

99 2463 178 2522 rum,
203 2447 291 2524 ales,
321 2448 436 2525 oirees,
466 2449 584 2527 rooles,
614 2471 725 2536 eques3
765 2451 871 2536 quibus
893 2449 1076 2534 respondent
1098 2469 1208 2534 graeoa

101 2545 203 2628 ἒλπῖσ,
225 2547 358 2628 neeric,
383 2547 487 2639 ἄρκυς
509 2564 569 2618 eto.
607 2552 682 2618 Cum
704 2553 796 2618 tertio
815 2566 940 2637 genere,
964 2561 999 2616 ut
1020 2553 1108 2615 modo
1128 2551 1206 2630 dixi,

103 2663 266 2736 eongnrunt
290 2675 366 2740 quae
387 2666 546 2740 utromque
568 2655 749 2720 elementum
771 2654 892 2720 aliunde
914 2663 1056 2731 sumunt,
1082 2664 1206 2733 vertex,

102 2756 240 2844 appendix
266 2765 329 2822 eto.
376 2756 434 2822 Sed
455 2759 556 2826 differt
580 2759 657 2844 quod
678 2757 803 2823 Romani
827 2759 1010 2843 gutturalem
1032 2758 1208 2840 frequenter
1277 2755 1280 2762 '

103 2875 157 2922 non
176 2859 277 2926 solnm
298 2859 332 2924 in
353 2859 507 2926 nominum
529 2861 726 2940 formatione,
753 2860 806 2926 sed
828 2873 860 2926 et
880 2861 912 2926 in
935 2862 1096 2926 verborum
1118 2857 1208 2924 deeli-

104 2969 172 3024 natu
186 2961 406 3048 interponunt,
435 2975 572 3050 strages,
594 2965 716 3052 fruges,
739 2963 910 3051 boninges,
933 2963 1032 3041 fluxio
1050 2962 1163 3028 struxi.

607 3154 638 3240 s.
660 3154 695 3223 a.

177 3271 305 3360 Siquis
330 3279 432 3338 autem
459 3294 526 3340 enm
554 3275 672 3340 inbuita
696 3275 857 3342 verberum
884 3273 1074 3340 multitudine
1101 3270 1209 3336 borum

106 3374 308 3442 nominum.et
327 3376 506 3460 peueibrtem
528 3388 560 3442 et
578 3397 680 3442 rarum
701 3379 927 3462 obsoletumque
947 3397 1035 3440 usum
1057 3379 1209 3459 eompara-

105 3475 187 3553 verit,
210 3480 343 3544 miretur
362 3499 488 3544 neeesse
510 3490 575 3556 est,
599 3479 667 3562 quid
689 3501 797 3546 oausae
818 3481 922 3555 luerit,
947 3501 1002 3544 eur
1022 3477 1131 3542 Graeoi
1151 3477 1209 3539 llo-

106 3578 257 3663 uanique,
293 3593 381 3666 mum
410 3581 487 3646 hano
515 3581 669 3646 nominum
697 3583 905 3668 fingendorum
920 3582 1013 3660 ,mam
1041 3579 1134 3642 semel
1162 3579 1209 3640 in-

108 3681 197 3757 gressi
215 3683 333 3760 essent,
355 3704 463 3749 rursus
481 3684 700 3748 declinaverint
718 3703 815 3768 neque
834 3703 924 3769 porro
944 3684 981 3746 ad
1001 3681 1081 3744 istud
1104 3701 1209 3744 exem-

107 3775 179 3857 rtem
200 3781 273 3873 ἄψ,
294 3783 406 3872 redet,
427 3777 502 3867 τᾶξ,
542 3785 595 3865 ἐξ,
618 3778 683 3874 pel&
711 3798 741 3850 et
767 3786 851 3849 mille
877 3783 949 3848 talia
970 3783 1105 3847 fabricati
1134 3783 1210 3858 siut,

109 3875 235 3968 idqued
266 3889 346 3954 orsis
374 3900 610 3968 consentaneum
639 3899 671 3956 et
699 3889 781 3953 iaetu
809 3887 944 3972 proelive
973 3892 1050 3949 erat.
1096 3885 1211 3950 Verum

172 4121 216 4192 17)
235 4125 416 4182 Nominativus
433 4131 532 4183 orente
548 4147 595 4198 per
611 4145 640 4183 se
657 4127 738 4182 nibile
754 4123 900 4182 mirabilior
917 4135 959 4180 est
976 4141 1053 4196 quem
1071 4128 1160 4192 segnis
1182 4123 1210 4176 id

111 4210 148 4256 ⁰⁸²
163 4213 262 4274 ⁸⁰80ssst
276 4209 372 4284 ἆγενῆσ
387 4217 444 4270 sive
460 4213 583 4288 druria·
652 4244 655 4252 ·

139 4289 385 4371 mamaeam.
978 4295 1002 4364 p
