2930 4872
307 331 366 405 ou
391 325 580 398 corner.
604 329 819 404 roncore.
844 333 881 399 e.
904 333 957 402 ιν.
987 337 1016 422 s.
1039 337 1071 404 e.
1159 260 1231 409 heo

113 510 245 607 ὐριιτον
261 511 377 582 πνίων
400 512 507 581 Galen.
530 513 629 600 Exeg.
652 536 682 599 p.
706 513 823 597 442⁸)
866 514 993 601 Propter
1024 515 1100 582 illud
1120 515 1229 588 εὐπα-

91 617 232 710 ’τρίδης
252 614 277 704 ἠ
294 611 395 706 γονή,
419 618 497 700 quod
518 616 606 680 attuli
627 617 664 680 ad
685 618 736 702 Aj.
759 639 789 702 p.
814 615 888 684 389.
911 620 1082 705 ambiguum
1102 632 1149 686 est
1169 623 1229 688 lle·

113 719 235 788 rodiam.
260 719 312 784 Vl.
338 718 369 783 1.
392 712 537 806 η’γοίνετο
563 729 711 808 γυναῖκα
737 718 808 786 τῶν
832 715 1064 808 εὐπατριδῶν,
1094 746 1148 809 pro
1171 747 1230 811 quo
1332 749 1342 768 ·

112 824 173 890 Dio
198 823 285 886 Cass.
307 819 434 886 LXXII.
460 817 492 884 5.
516 835 664 909 γυναῖκα
686 817 872 910 εὐπατρίδα
898 824 969 909 (sic)
992 825 1080 890 dixit.
1126 827 1160 891 In
1175 828 1229 892 So-

113 925 230 1014 phoclis
252 925 301 988 ul.
325 921 417 988 857..
436 921 583 993 ἐλπίδων
603 917 809 992 κοινοτόκων
836 920 1047 1014 εὐπατριδῶν
1073 925 1230 1019 τ’ὐρωγοί

113 1027 314 1095 masculinnm
339 1036 579 1112 eutexeusatur
607 1028 698 1092 tacita
726 1029 763 1092 ad
786 1028 924 1092 Orestem
946 1024 1153 1119 εὐπατρίδην
1180 1054 1230 1098 re-

114 1131 242 1210 latione,
260 1140 313 1194 aut
327 1129 491 1214 corrigitur
512 1141 655 1194 accentus
670 1130 836 1194 mutatione
860 1133 975 1208 eadem,
1000 1154 1073 1218 quae
1085 1134 1228 1221 Antipha·

114 1234 165 1298 nis
186 1232 291 1296 versui
311 1231 423 1295 Athen.
445 1229 497 1296 IV.
524 1231 598 1296 159.
629 1233 666 1298 D.
689 1232 823 1298 adhibita.
843 1244 891 1298 est
911 1235 1000 1300 metri
1023 1257 1124 1300 causa.
1171 1237 1228 1302 Sed

114 1336 285 1401 Herodotus
307 1333 332 1398 l.
356 1334 410 1401 92.
434 1335 461 1398 si
482 1334 525 1398 ita
546 1334 669 1418 scripsit
690 1345 724 1398 ut
745 1335 900 1420 vulgatum
922 1348 987 1413 cst,
1018 1341 1056 1404 ἐν
1076 1338 1228 1428 Βραγχί-

115 1437 196 1530 δῃσι
215 1437 293 1529 τῇσι
306 1434 499 1524 Μιλησίων,
523 1437 654 1500 animum
676 1438 712 1500 ad
735 1438 856 1502 nomina
871 1440 989 1504 urbium
1003 1439 1129 1516 direxit,
1153 1460 1229 1524 quac

18 1603 21 1610 .
116 1563 214 1628 genus
236 1541 412 1606 femininum
436 1561 503 1604 cum
532 1539 745 1606 terminatione
773 1541 938 1606 masculina
961 1544 1153 1631 conjunctum
1175 1541 1227 1606 ha·

115 1645 202 1724 hert,
225 1639 249 1730 η’
269 1643 484 1719 Πεσσινοῶς,
511 1639 534 1728 ἦ
561 1635 695 1730 Τοίρας,
725 1641 954 1730 η’Κτηοιφῶν
975 1654 1035 1708 ete.
1060 1645 1165 1730 quihus
1188 1645 1240 1710 siv

116 1744 234 1833 11111εῆ
256 1738 396 1837 ῥαισττίρ
419 1745 604 1811 Zenodotum
627 1745 761 1810 offendit.
807 1745 842 1809 In
871 1746 960 1831 Soph.
984 1747 1058 1840 Ocd.
1089 1747 1125 1810 T.
1151 1746 1225 1814 189.

117 1843 144 1917 oi
168 1849 293 1940 χρυσία
320 1843 473 1936 δύγατερ
496 1847 575 1924 Διὸς
596 1843 713 1916 εὐῶπα
739 1847 881 1934 πέμψον
903 1845 1031 1932 οἷλνοίν,
1059 1871 1139 1916 nune
1155 1853 1229 1938 jun·

117 1964 192 2038 gunt
215 1947 332 2020 εὐῶπα
361 1942 469 2020 οίλκείν
504 1951 701 2034 similiterque
730 1950 913 2038 Aeschylum
941 1947 1119 2042 εὐμορφον
1144 1949 1229 2040 τροί-

115 2079 175 2130 τος
198 2056 313 2120 dixisse
335 2057 437 2141 ajnut3
472 2056 525 2119 sed
555 2053 604 2117 hie
638 2053 673 2116 de
702 2054 835 2118 victorio
856 2055 974 2140 pulcra
1003 2067 1036 2121 et
1063 2058 1230 2143 spectabili

116 2158 244 2245 (Tacit.)
266 2158 415 2242 loquitur,
446 2177 521 2242 quae
551 2177 614 2220 nou.
634 2156 734 2239 inepte
763 2149 937 2244 εὔμορφος
972 2159 1046 2238 (nisi
1067 2154 1228 2248 εὐμοιρος

117 2259 252 2347 scripsit)
273 2260 377 2326 vocari
397 2270 508 2344 potest,
532 2257 693 2343 Sophocles
716 2259 752 2322 de
773 2259 905 2324 remedio
927 2261 1142 2345 pestilentiae,
1177 2263 1226 2328 cui

117 2363 194 2430 nihil
215 2363 315 2429 minus
338 2362 481 2427 convenit
503 2381 590 2445 quam
612 2357 737 2434 εὐῶπιε
760 2355 858 2448 citeri,
882 2363 951 2448 quia
979 2365 1033 2427 suh
1055 2366 1226 2449 adspectum

118 2488 182 2532 nou
206 2467 295 2530 cadit.
341 2465 443 2550 Itaque
472 2463 564 2528 statui
594 2461 787 2548 Sophoclem
807 2463 964 2550 scripsisse
989 2465 1065 2550 quod
1089 2465 1248 2532 Callima-¹

118 2569 207 2646 chus,
232 2562 327 2637 Οὐπι
342 2561 463 2636 ὐνασο’
485 2563 602 2634 εὐῶπι.
647 2565 1029 2652 Brunckianocommeuto
1050 2563 1075 2654 ἦ
1094 2555 1227 2654 εὐῶπηέ

118 2693 160 2736 ex
177 2672 305 2736 adverso
327 2671 456 2756 pesitum
478 2679 537 2744 cst,
561 2668 637 2753 quod
658 2669 831 2736 Athenaeus
853 2669 920 2736 Vll.
943 2669 1019 2738 277.
1042 2671 1081 2735 D.
1106 2691 1123 2735 o
1145 2670 1227 2734 Tita-

117 2773 276 2840 romachia
297 2773 385 2853 affert
405 2771 533 2840 chosel
563 2767 770 2876 ppooe'rrodpe
796 2765 914 2864 ίχδύες
945 2769 1036 2842 ἐλλοί
1060 2794 1115 2860 pro
1146 2795 1226 2865 χρω·

117 2899 256 2952 οωπεες.
628 2963 646 3047 ἕ
682 2961 702 3028 5

204 3080 357 3145 Hactenus
389 3079 563 3146 enumeravi
593 3079 732 3165 exempla
765 3076 905 3166 licentiae
931 3077 1134 3158 irrationalis,
1168 3100 1226 3167 qna

119 3182 252 3270 epitheta
272 3182 438 3250 masculina
460 3205 527 3248 cum
548 3181 745 3250 substantivis
776 3183 921 3250 feminino
943 3183 1050 3270 generi
1070 3182 1226 3268 adscriptis

189 3454 218 3524 8)
234 3455 373 3508 Acecntnm
394 3450 453 3511 ,τῶν
471 3450 585 3524 ἐτησίων
611 3456 731 3506 certatim
757 3455 881 3506 adnotant
908 3452 1075 3505 Grammatlei
1092 3465 1120 3505 v.
1135 3449 1224 3503 Goett·

117 3542 184 3606 ling.
204 3542 236 3593 dc
247 3541 308 3594 Aoo.
322 3555 347 3609 p.
364 3542 422 3597 112.
444 3541 523 3609 quisi
539 3541 639 3592 ratione
653 3541 777 3592 fundatus
791 3548 842 3604 cst,
860 3540 999 3592 eommunis
1012 3553 1070 3590 esse
1086 3537 1161 3588 dehet
1173 3552 1224 3588 cm-

117 3629 198 3680 nihus
211 3637 345 3681 ventorum
366 3629 510 3680 nominihus
532 3628 570 3679 sie
586 3627 743 3688 terminatis,
763 3627 857 3694 quihus
872 3625 1009 3692 conjugatu
1024 3631 1086 3676 sunt
1096 3621 1226 3686 adjectiva

117 3715 148 3765 in
159 3698 217 3776 ι-οἷ,
235 3713 363 3785 ε’ντδρίαε,
380 3712 579 3783 ἑλληεποντίαι,
592 3707 734 3780 ὀλυμπίαν,
745 3714 915 3780 προμονίαε,
928 3712 1074 3782 peccantur.
1108 3710 1146 3762 Ac
1160 3709 1224 3761 scri-

116 3799 193 3851 hitur
207 3801 246 3852 ita
265 3797 320 3854 τῶν
338 3795 495 3870 α’παριιτίων
506 3800 616 3852 Aristot.
631 3797 739 3852 Meteor.
756 3796 787 3848 11.
808 3798 834 3850 6.
852 3813 877 3864 p.
893 3795 1000 3858 367,-7.
1021 3794 1113 3847 Galen.
1127 3793 1223 3847 Comm.

117 3885 147 3937 in
162 3885 238 3954 llipp.
255 3882 373 3938 dullum.
388 3885 431 3938 III.
453 3887 495 3949 13,
515 3886 574 3939 4111.
595 3885 627 3938 Τ.
640 3879 712 3937 XVI.
728 3884 773 3934 sed
786 3889 813 3934 et
826 3883 871 3934 uhi
892 3883 964 3958 nulla
986 3889 1026 3934 est
1046 3882 1227 3950 synemmesis,

115 3967 175 4026 τῶν
187 3972 318 4042 εἰινεφίων
333 3972 462 4040 Theophr.
481 3973 513 4024 de
530 3970 608 4024 Veut.
627 3971 672 4033 49,
694 3967 754 4024 777.
774 3976 851 4037 atque
872 3969 899 4020 in
917 3970 968 4020 alio
986 3969 1049 4020 odeo
1067 3983 1162 4032 genere
1181 3983 1224 4019 uo·

116 4041 219 4126 miuum
234 4054 289 4112 τῶν
304 4061 457 4126 καρχαρίαν
475 4059 502 4109 in
516 4059 588 4110 codd.
602 4058 697 4110 Athen.
717 4055 764 4108 IX.
779 4057 840 4109 403.
859 4056 889 4108 B.
928 4055 978 4106 Sed
995 4061 1022 4105 et
1038 4061 1128 4105 eontra
1148 4067 1225 4117 regn·

116 4143 173 4194 lam
189 4138 246 4197 τῶν
263 4140 377 4212 ε’τηοιῶν
391 4144 475 4196 Schol.
490 4143 575 4212 Apoll.
598 4143 630 4195 II.
651 4143 710 4197 5911.
731 4144 782 4196 etsi
801 4143 873 4195 venti
897 4142 978 4209 ipsius
997 4155 1088 4192 nomen
1106 4155 1226 4191 rennuu-

115 4243 197 4298 tprem
212 4229 355 4284 mucellae
366 4230 463 4284 dicitur
475 4227 506 4286 οἱ
523 4226 630 4300 ἐτήσιοι
644 4247 671 4284 v.
685 4228 865 4284 Friedemann.
880 4228 912 4281 ad
926 4226 1013 4280 Stroh.
1030 4242 1056 4296 p.
1078 4225 1137 4300 609.
