2940 4894
230 307 301 377 too
486 305 488 309 ’
590 285 909 376 nrssnnrurro
938 310 981 377 11.

229 487 383 554 nominum
406 487 438 553 in
460 491 532 564 ανξ.
561 487 749 554 Herodianus
769 513 807 556 τι.
825 490 921 556 Mor.
941 511 971 574 p.
988 488 1043 566 41,
1059 490 1114 558 21.
1138 487 1240 560 οὐδὲν
1261 487 1345 562 ὅνο-

226 615 281 676 για
306 593 354 664 τίς
381 577 445 669 {a}
469 591 576 679 λῆγον
599 588 754 678 θηλυκὸν
779 587 864 660 οίλλοί
886 583 999 679 μόνον
1020 590 1059 660 τί
1079 595 1199 682 γλαῦξ·
1236 620 1345 684 προς-

227 691 337 780 ἐθηλα
360 692 396 760 dl
416 689 588 780 θηλυκόν,
612 701 671 761 ἵνα
691 690 742 789 ,κη’
763 717 814 768 τις
835 692 874 760 τὸ
903 694 997 773 Tudi
1018 691 1165 786 α’ντιθῄ·
1197 702 1347 784 ἱστορεῖ-

225 819 284 864 ται
301 792 370 885 γοίρ
395 795 496 872 οὗτος
519 793 677 883 ποταμὸς
701 797 779 882 περί
804 797 974 866 Σικελίαν.
1018 799 1063 864 De
1089 811 1217 864 accentu
1241 802 1346 864 admo-

225 911 280 964 net
300 898 403 986 Etym.
424 901 467 964 M.
490 922 520 984 p.
540 898 599 976 36,
624 897 676 964 53.
702 896 803 968 οὐδὲν
826 904 874 974 εἰς
889 885 916 977 ξ
932 901 1139 987 maurenciaco
1162 903 1250 985 (adde
1272 897 1346 968 οἶκτοί
1425 919 1430 930 ’

145 1035 150 1048 .
227 994 424 1089 φωνήεντος
441 996 664 1092 inglomerat
689 1001 727 1068 od
743 1001 864 1070 τοίνυν
886 998 940 1080 ui}
954 996 1117 1084 ὀξύνεται,
1139 1002 1177 1070 τὸ
1197 1003 1232 1070 db
1250 1003 1347 1090 Θρᾷξ

225 1105 434 1191 περιοποὶται
455 1105 512 1171 καί
532 1106 570 1171 τὸ
593 1105 697 1180 Ταῦξ.
727 1107 903 1170 Mentissam
921 1107 1023 1191 adjicit
1039 1105 1208 1172 Technicus
1224 1107 1344 1171 Anecd.
1388 1091 1391 1104 ¹

224 1227 255 1292 p.
281 1205 376 1274 1230.
415 1207 512 1274 παῖσα
541 1205 710 1293 αἰτιατική
739 1211 786 1281 εἷς
813 1192 845 1274 ὀἷ
868 1203 1045 1298 διφθόγγῳ
1074 1208 1345 1296 παραλογγογιίνη

222 1311 517 1400 προπορισιιοῖται,
540 1309 616 1378 οἷον
637 1310 784 1397 γλαῦκα,
806 1311 929 1388 καιλκα,
951 1324 1094 1396 προῖκα,
1116 1311 1207 1399 αἶγα,
1230 1309 1347 1390 doira,

224 1415 278 1478 sed
304 1414 378 1500 illud
405 1413 488 1489 καῦξ
515 1413 583 1498 quid
612 1414 671 1488 sit,
705 1414 860 1491 nescitur3
902 1415 934 1478 in
962 1413 1062 1478 Gloss.
1091 1414 1199 1500 Gyrill.
1230 1413 1346 1498 legitur
1459 1429 1460 1510 J

86 1507 93 1522 '
223 1515 333 1583 καῦκα
347 1527 476 1602 patera,
499 1536 575 1602 quae
595 1514 719 1589 καολκος
736 1517 793 1579 diei
812 1516 908 1594 solet3
932 1518 1009 1601 apud
1026 1517 1208 1608 Hesycbium
1224 1519 1345 1602 Κραν-

222 1613 266 1707 ys}
288 1611 425 1705 νόοιγγια
446 1616 610 1685 παιδίαν·
636 1618 694 1684 καί
714 1615 778 1706 γοίρ
801 1615 824 1704 ιγ’
843 1617 948 1704 κραῦξ
974 1617 1109 1706 οεριφία
1132 1620 1225 1684 ἐστίν
1246 1617 1269 1704 ἠ
1288 1621 1349 1686 λο-

223 1722 354 1822 γογιένη
375 1717 566 1808 βασκανία,
595 1721 645 1784 ubi
667 1721 744 1805 quod
768 1720 928 1804 Sopingius
952 1723 1107 1786 substituit
1128 1720 1234 1809 γραῦς
1256 1743 1347 1806 egre·

224 1827 272 1911 gie
286 1824 431 1890 convenit
452 1843 520 1888 cum
543 1820 689 1909 οεριφία,
716 1823 769 1886 sed
791 1824 897 1908 κρακλξ
923 1824 1016 1908 magis
1040 1846 1107 1888 cum
1129 1824 1259 1914 κραυγῇ
1282 1826 1346 1888 ela·

223 1947 375 1992 mosorum
397 1927 576 2002 infantium,
601 1947 689 2008 quam
711 1926 893 2001 nutriculae,
917 1937 952 1989 ut
973 1927 1105 2004 videtur,
1129 1927 1346 1992 lacrimantium

222 2030 314 2096 livori
336 2029 519 2092 tribuebant.
563 2029 620 2092 Sed
643 2029 716 2092 baec
738 2029 770 2092 iu
794 2031 967 2113 conjectura
988 2029 1097 2112 posim.
1144 2028 1287 2094 Ceterum
1310 2031 1345 2094 in

222 2133 326 2219 Etym.
347 2130 425 2230 liud.
445 2130 521 2208 512,
543 2130 595 2194 15.
620 2127 780 2196 οὐδέποτε
802 2130 991 2220 (λίφθογγος
1013 2135 1060 2206 εἰς
1082 2129 1227 2198 διπλοῦν
1248 2125 1347 2219 λήγει

221 2231 314 2320 mitior
338 2233 402 2299 coti
428 2232 542 2319 προίξ,
576 2234 768 2298 manifestum
796 2244 844 2297 est
870 2245 938 2317 post
965 2231 1160 2321 δίφθογγον
1187 2235 1343 2300 excidisse
1386 2273 1390 2286 ·

221 2339 315 2403 verba
337 2333 406 2405 οἷπὸ
427 2336 489 2402 τοῦ
511 2322 746 2426 {degendum
786 2357 856 2400 nam
883 2348 918 2398 ut
945 2347 1047 2400 cetera
1068 2338 1262 2420 ignoraverit
1285 2337 1344 2400 bu·
1379 2356 1412 2391 .-

217 2442 269 2526 jus
285 2441 409 2506 canonis
423 2439 618 2524 perscriptor,
643 2439 884 2524 vulgatissimum
909 2459 1019 2503 nomen
1041 2436 1143 2526 γλαύξ
1168 2461 1234 2502 eum
1252 2440 1341 2504 nullo

222 2554 309 2628 pacto
331 2543 541 2627 subterfugere
562 2542 672 2626 potuit,
695 2543 731 2606 de
754 2544 840 2627 cujus
863 2541 963 2606 tonosi
984 2541 1134 2628 attica³⁶)
1154 2540 1286 2606 loannes
1307 2564 1341 2628 p.

222 2645 256 2722 7,
279 2643 334 2714 26.
358 2645 503 2731 multique
525 2645 577 2710 alii
599 2644 715 2730 loquuti
737 2656 810 2712 sunt
829 2667 862 2712 v.
886 2646 924 2712 ad
945 2643 1061 2731 Phryn.
1084 2641 1194 2743 [1976.

287 2949 427 3028 Σποίνια
449 2955 492 3026 τοί
514 2961 561 3032 εἰς
582 2943 627 3036 ἒξ,
649 2957 733 3046 κρίξ,
756 2957 878 3040 ἐπίτεξ,
900 2959 1005 3036 Λέλεξ
1026 2957 1164 3024 Eustatb.
1188 2979 1218 3042 p.
1239 2955 1341 3039 1922,

222 3059 255 3126 8.
277 3061 488 3146 Theognostus
503 3061 541 3126 ll.
561 3060 634 3127 132.
659 3063 740 3126 addit
758 3063 996 3149 monosyllabum
1015 3062 1067 3138 λίξ
1087 3074 1117 3126 et
1136 3083 1165 3146 p.
1182 3058 1237 3124 40.
1261 3081 1342 3146 quae

222 3175 322 3250 snpra·
334 3164 480 3252 syllabam
501 3175 591 3229 suut:
620 3163 748 3252 Βέβρεξ
770 3160 883 3252 ὄνομα
906 3170 1050 3244 ἔθνους,
1073 3160 1215 3254 α’γχίτεξ,
1237 3185 1341 3230 πινα-

221 3262 334 3349 τιίλοξ,
370 3268 507 3352 idemque
535 3267 611 3334 banc
641 3268 884 3332 terminationem
912 3289 1066 3355 perrarum
1095 3287 1162 3332 esse
1190 3268 1337 3330 testatur.
1386 3283 1391 3292 ·

222 3373 272 3438 Ex
299 3393 356 3458 quo
384 3370 530 3455 emergit,
565 3389 620 3434 cur
645 3369 753 3434 Graeci
780 3393 938 3438 muranum
962 3371 1103 3455 simplae
1128 3369 1162 3432 in
1188 3366 1340 3454 Σίγιιτλιξ

221 3475 374 3540 verterint
400 3473 457 3538 bio
483 3473 572 3538 (lass.
594 3471 690 3536 LXV.
718 3472 771 3538 17.
797 3477 947 3560 princeps
973 3475 1006 3537 in
1033 3469 1178 3559 πρίγκιψ
1206 3470 1351 3556 Νίοογίι.

185 3603 189 3610 ·
223 3579 317 3664 Greg.
341 3576 393 3642 lll.
419 3577 458 3655 5,
481 3576 535 3641 42.
559 3575 599 3639 Α.
646 3575 703 3638 Sed
726 3575 916 3660 dispiciamus
938 3575 1070 3660 singula.
1114 3573 1338 3639 Grammaticus

221 3682 256 3746 in
276 3680 392 3746 Aneed.
415 3680 539 3744 Barcae.
565 3699 595 3763 p.
618 3675 695 3742 418.
727 3701 817 3764 quum
842 3677 992 3751 docuisset
1015 3677 1137 3741 nomina
1161 3677 1193 3742 in
1211 3662 1243 3751 ’ξ
1261 3697 1339 3740 exe·

221 3785 308 3849 untia
336 3782 435 3851 vocali
461 3781 549 3856 brevi
575 3801 629 3866 per
656 3767 677 3846 κ
701 3780 864 3860 declinari,
896 3780 978 3844 illico
1000 3779 1121 3866 subjicit
1148 3778 1182 3848 τί
1203 3772 1268 3847 οὖν
1295 3776 1338 3852 τὸ

222 3939 434 3958 W

292 4037 337 4108 su)
361 4034 453 4102 ικιοε
468 4039 578 4092 orista.
599 4039 630 4092 u.
649 4017 716 4093 dnn.
736 4037 783 4092 rx.
803 4040 829 4096 ι.
849 4038 901 4106 (t.)
923 4038 949 4091 s.
974 4037 1018 4090 seu
1038 4037 1131 4092 iuram
1148 4037 1180 4091 11.
1201 4038 1244 4096 ιι.
1263 4035 1335 4106 (u.)

224 4129 266 4183 11.
287 4123 314 4179 nl
332 4126 391 4180 nlils
408 4125 472 4177 loeis
488 4115 575 4196 γλαιίξ
591 4135 621 4178 ut
639 4124 766 4192 Theopbr.
787 4126 818 4176 de
837 4125 908 4192 sign.
924 4125 1001 4178 Pluv.
1017 4123 1061 4178 lV.
1078 4126 1104 4188 ³,
1119 4124 1180 4178 198.
1198 4119 1333 4186 [doit-

211 4220 269 4282 ‚not
282 4210 523 4285 φατόντιΗοογολι.
538 4211 620 4285 γλαίιξ
631 4209 690 4266 ποά
701 4209 834 4280 γάλακτος
843 4202 985 4284 γεννητική
995 4211 1069 4266 Paul.
1076 4213 1141 4278 Aes.
1150 4209 1206 4264 vu.
1214 4209 1275 4269 2³4.
1284 4211 1330 4268 42.
