2944 4888
166 273 167 276 ‘
220 312 270 386 aa
575 263 913 374 xnussuararrc
941 305 966 374 1.

133 519 134 524 ¹
220 490 308 562 cubis,
328 479 538 574 Σολόγοργος
559 484 662 570 Stepb.
680 506 707 552 s.
723 480 860 572 Ἡραία,
891 495 923 552 et
949 484 983 550 iu
1005 484 1100 554 verbo
1121 479 1341 577 ductatores

91 691 94 706 ,
220 586 335 662 Auem.
351 589 447 661 Bekln
462 587 516 666 56,
534 589 568 658 2.
591 587 715 673 Ypsilon
736 599 796 664 ter,
820 608 877 656 uec
895 588 1034 672 amplius,
1057 591 1090 656 iu
1102 586 1340 679 νλοούθομοο.

730 756 816 844 eu
934 753 937 762 ·

305 893 462 985 Expositis
487 905 624 962 veterum
649 895 685 958 de
708 893 861 960 vocalium
880 895 1089 981 repugnantiis
1108 897 1276 982 praeceptis
1298 897 1337 964 ad

222 1015 421 1070 consonarum
449 997 639 1084 asyntaxiam
668 997 942 1082 transgrediemur,
975 1017 1063 1083 quam
1092 999 1213 1064 nomine
1245 1011 1335 1068 teum

84 1087 86 1092 Ι
199 1103 388 1188 ,attigerunt
409 1098 572 1184 artigraphi
592 1098 772 1174 Buttmauno
793 1099 977 1184 antiquiores
1000 1121 1037 1166 eo
1058 1101 1138 1177 loca,
1161 1121 1219 1184 quo
1241 1123 1335 1188 expo·
1462 1133 1464 1158 2

221 1217 298 1274 nnut
326 1205 363 1268 de
390 1202 554 1272 mutatione
583 1193 768 1264 literarum.
799 1201 882 1268 Hauc
911 1203 992 1274 enim
1015 1199 1188 1288 bipartitam¹
1204 1204 1332 1283 faciunt,

220 1317 364 1394 repectu
376 1305 589 1380 coanemt'ooc‘s,
614 1313 645 1368 et
658 1313 801 1387 respecta
821 1304 1036 1380 dialectcmm,
1060 1305 1113 1370 sed
1128 1307 1164 1370 de
1179 1306 1232 1376 illa
1246 1318 1332 1391 parte

221 1432 283 1479 non
305 1410 370 1494 plus
392 1408 515 1474 tradunt
539 1425 628 1489 quam
650 1406 687 1469 ad
709 1425 797 1471 usum
819 1407 951 1490 pertinet
972 1407 1195 1472 scholasticum.
1239 1407 1333 1474 Vete-

219 1512 271 1580 'res
291 1523 393 1578 amem
416 1507 621 1582 Grammatici,
645 1518 678 1572 ut
697 1506 730 1570 in
752 1507 888 1572 omnibus
914 1510 1114 1594 etymologiae
1133 1510 1266 1594 partibus
1280 1532 1331 1578 ao·

220 1614 409 1686 qumdssime
430 1611 544 1688 uersati
565 1618 655 1685 suut,
687 1608 729 1674 ita
752 1609 831 1676 huuc
853 1629 968 1696 quoque
990 1611 1088 1676 locum
1110 1611 1187 1679 baud
1207 1613 1331 1680 iuorua·
1457 1664 1461 1676 .

179 1710 183 1720 ‘
219 1727 283 1785 tum
304 1712 543 1802 praetermisisse
559 1722 715 1797 apparent.
759 1711 894 1795 Namque
908 1714 1080 1780 Democrito
1094 1715 1139 1780 illi
1152 1717 1330 1802 perantiquo
1457 1743 1464 1780 a

219 1831 252 1886 et
272 1815 452 1904 percelebri,
475 1813 560 1900 cujus
583 1814 795 1881 Onomasticou
812 1814 920 1880 Pollux
941 1817 1158 1904 praedicat27),
1184 1818 1261 1884 liber
1274 1819 1329 1898 iu·
1356 1883 1359 1890 .

218 1922 349 2006 scriptus
369 1919 428 1984 luit
447 1916 526 2003 περὶ
550 1909 714 2002 εὐφώνων
735 1916 791 1986 καὶ
809 1915 993 2007 duumuiros
1006 1916 1221 2013 γραμμάτων
1236 1920 1326 2005 Diog.

217 2024 273 2094 ln.
289 2022 345 2088 lx.
359 2018 424 2086 48.
448 2019 584 2102 idemque
605 2030 814 2103 argumentum
837 2030 984 2086 tractasse
1005 2021 1125 2086 videtur
1139 2021 1329 2090 Aristonicus

217 2125 356 2194 inlibris
377 2117 599 2192 concedesne
620 2115 803 2208 ὀνομάτων
825 2119 911 2191 Suid.
936 2123 979 2200 (in
1005 2145 1062 2207 quo
1087 2145 1197 2208 sequor
1207 2123 1329 2192 Lebrsil

217 2226 489 2311 interpunctionem
519 2225 556 2287 de
585 2223 754 2290 Aristarcb.
777 2247 806 2309 p.
824 2223 873 2311 3.)
914 2225 1033 2290 Etenim
1054 2221 1240 2304 οἷονντοείω
1266 2249 1327 2290 non

163 2391 164 2394 ,
217 2329 316 2403 sulum
338 2327 570 2396 constructionis
600 2327 878 2411 inconsequentiam
900 2327 1050 2412 siguificat
1070 2330 1123 2394 sed
1147 2329 1236 2394 etiam
1258 2328 1327 2394 lite·

216 2453 332 2510 rarum,
355 2443 390 2498 ut
410 2431 437 2498 si
458 2430 617 2519 νέννχθο,
638 2429 795 2518 citoque,
817 2430 935 2494 literam
958 2430 1118 2514 aspiratam
1139 2431 1254 2514 accepit
1270 2453 1327 2516 pro

166 2527 173 2549 ²
218 2535 321 2613 tenui,
339 2535 369 2602 id
391 2530 432 2603 δι’
453 2529 662 2609 οἷσννταξίων
674 2534 784 2596 factum
799 2531 908 2599 dicitur
923 2532 1070 2598 Theodos.
1089 2533 1164 2598 Gau.
1179 2556 1209 2618 p.
1226 2532 1326 2618 1019,

91 2723 94 2730 ¹
217 2635 270 2703 16.
299 2637 446 2705 Similiter
466 2637 558 2702 Orion
581 2657 610 2720 p.
632 2632 687 2711 28,
710 2633 743 2700 6.
768 2630 884 2716 cedde,
915 2635 1094 2724 σκνζωίνω,
1119 2637 1175 2705 καὶ
1199 2635 1328 2706 aretoas

214 2739 279 2810 τοῦ
301 2726 349 2826 μ’
363 2735 566 2824 ονοζμωίνω,
593 2737 650 2804 acl
681 2739 792 2828 τροπῇ
818 2737 880 2804 τοῦ
906 2723 1007 2818 {daei
1029 2737 1094 2826 eric
1115 2739 1325 2818 ω’σνντωξίαν

216 2838 412 2927 rendacium
435 2840 495 2924 (sie
515 2839 575 2904 ista
596 2838 724 2924 legenda
744 2843 830 2924 sunt)
862 2842 902 2904 cf.
925 2841 1026 2926 Etym.
1049 2842 1091 2908 M.
1116 2864 1145 2926 p.
1167 2842 1243 2920 314,
1268 2842 1323 2908 10.

220 2945 297 3021 401,
328 2944 360 3009 6.
395 2941 471 3019 685,
500 2941 554 3008 22.
586 2961 658 3024 quas
680 2962 730 3005 res
760 2939 899 3006 credibile
925 2953 972 3006 est
994 2941 1027 3006 in
1050 2944 1211 3010 Herodiaui
1244 2968 1325 3010 com·

218 3048 366 3120 meutario
399 3045 478 3133 περὶ
509 3041 696 3120 cerenicus
731 3041 904 3134 στοιχείων
937 3043 983 3130 (v.
1014 3045 1139 3131 Parerg.
1170 3071 1200 3134 p.
1229 3046 1324 3133 484.)

214 3149 365 3216 uberrime
386 3159 530 3214 macutus
551 3168 632 3212 esse.
685 3145 797 3210 Nostra
817 3154 917 3210 autem
937 3148 1080 3213 memoria
1103 3149 1176 3214 baec
1198 3148 1325 3234 diligen-

215 3251 276 3322 tius
297 3261 495 3334 persequutus
518 3261 566 3314 est
585 3248 756 3312 Fridem'cus
779 3247 920 3314 Sobultzc
941 3249 974 3313 in
995 3249 1103 3314 tabulis
1124 3252 1238 3316 Lexico
1253 3253 1326 3316 Pas·

213 3353 338 3419 soriano
360 3353 416 3417 Ed.
439 3351 491 3416 lll.
516 3350 672 3437 subjectis,
700 3371 772 3434 quas
794 3350 949 3437 inscripsit
969 3353 1006 3416 de
1029 3354 1229 3418 cumulatione
1252 3375 1347 3420 con-¹

213 3455 396 3520 ¹sonantium.
443 3454 616 3540 Quanquam
645 3473 684 3516 ue
706 3453 754 3546 pic
776 3454 892 3538 quidem
914 3449 980 3540 plus
1002 3455 1184 3538 propositum
1206 3458 1322 3536 babuit,

213 3579 300 3644 quam
323 3569 356 3624 ut
379 3556 589 3622 enumerandis
617 3577 692 3640 quae
723 3557 865 3642 conjungi
885 3567 1011 3644 possunt
1033 3559 1174 3623 consonis
1197 3561 1324 3625 manile·

213 3641 298 3726 stum‘
313 3662 439 3738 laceret,
473 3681 548 3744 quac
570 3679 720 3743 nunquam
743 3661 920 3744 conjunctae
943 3660 1016 3737 siut,
1047 3661 1215 3740 nonnum,
1247 3683 1324 3746 quae
1393 3667 1395 3671 ’

212 3781 283 3826 raro
306 3774 424 3840 coeant,
447 3783 544 3848 neque
560 3761 668 3847 magis,
692 3781 767 3846 quae
781 3763 853 3826 duas
866 3761 998 3848 syllabas
1013 3764 1152 3850 deinceps
1164 3763 1321 3829 inchoant.

215 4067 217 4072 .
278 4017 326 4086 ut)
343 4019 408 4072 Hine
431 4018 543 4072 femmae
564 4026 651 4072 sumtu
674 4025 717 4070 ost,
738 4018 785 4070 illa
808 4018 917 4073 nominis
938 4021 1110 4090 πινομένοιο
1126 4021 1319 4089 interpretatio,

211 4103 242 4156 da
262 4118 313 4172 qua
330 4104 384 4156 dini
402 4105 428 4156 in
446 4106 570 4172 Aglaopb.
590 4106 610 4158 l.
632 4102 690 4158 157.
716 4111 743 4160 at
766 4119 833 4171 quac
849 4105 881 4156 de
897 4105 1067 4159 declinatione
1084 4106 1213 4162 nominum
1229 4108 1320 4173 litera·

210 4185 266 4242 rum
283 4187 333 4254 sai
349 4186 476 4254 tetram
490 4196 535 4246 aet
551 4185 676 4261 θὴτωτοτ
692 4195 834 4246 narrentur
850 4193 877 4246 in
894 4191 989 4246 maed.
1007 4207 1033 4260 p.
1052 4191 1110 4248 tet.
