2926 4886
246 267 320 337 on
600 263 1015 351 nrssnnrnrrorn.

245 405 313 514 vu.
340 445 396 513 92.
442 445 500 510 Sed
521 455 692 510 ceterorum
715 467 836 511 easuum
865 448 943 512 mira
963 448 1094 514 raritasa
1122 451 1226 518 τέκνα
1243 453 1348 541 φυγῆς

246 555 297 618 ἔτι
314 534 404 637 odiat
424 540 524 616 ἐόνκο
547 549 671 634 Oppian.
696 549 764 614 Hal.
778 549 803 615 1.
819 549 893 617 760.
919 545 1119 638 ὀκτάκνημα
1138 547 1348 639 ὀκτακέρκιδο

245 653 349 741 Etym.
372 653 415 717 tt.
438 643 744 738 οὐκοσκωμμότων
766 649 913 719 α’σκικών
932 656 988 722 nat
1005 649 1237 744 αὐτοχαρίτων
1257 651 1348 723 dese·

135 833 138 840 ¹
245 756 315 824 κῶν
336 754 470 840 Aleiphr.
496 753 623 818 11163.
647 763 701 839 pro
725 771 782 838 quo
805 753 1024 844 σκωμμάτων
1049 753 1196 824 dotando
1213 757 1269 824 καὶ
1289 753 1350 824 οὐ·

244 855 434 949 τοχαρίκων
459 857 647 922 scribendum
672 857 804 921 videtur.
849 860 926 924 Hine
948 863 1145 924 admonemur
1161 860 1350 943 comparatio-

240 963 314 1038 nis,
338 975 414 1045 quae
436 957 547 1043 duplex
569 970 638 1036 est3
667 979 727 1023 una
749 962 864 1044 poetica
891 959 1120 1050 ιῖθεμίστερος
1143 961 1265 1046 Oppian.
1284 961 1347 1024 Hal.

246 1063 271 1127 1.
296 1061 371 1127 756.
394 1057 623 1150 οἷχαρίσνιρος,
645 1062 741 1126 altera
762 1063 896 1148 vulgaris
918 1065 998 1130 inter
1013 1065 1175 1130 secundam
1191 1075 1222 1127 et
1236 1063 1350 1128 tertiam

246 1165 475 1262 dealinationem
501 1164 652 1248 ambigua,
675 1158 937 1254 εὐχαριτιόκερον
960 1164 1079 1232 Aelian.
1106 1165 1130 1230 I.
1149 1165 1202 1231 59.
1229 1166 1348 1250 Appian.

247 1268 315 1332 Gir.
345 1265 383 1329 II.
418 1263 472 1332 26.
510 1287 544 1350 p.
563 1265 647 1342 209,
683 1266 737 1332 90.
769 1261 1004 1357 οἷχαρικοότοικιι
1029 1270 1163 1334 Herodo.
1188 1267 1253 1332 VII.
1278 1264 1349 1332 156.
1402 1291 1405 1300 ’

106 1447 108 1456 ¹
246 1363 522 1459 ἔπιχιιρικιότερος
537 1369 619 1432 Suid.
637 1391 664 1433 s.
679 1363 937 1456 Ἐπαφρόδιτος,
956 1391 1030 1457 quae
1052 1384 1086 1436 ut
1107 1379 1251 1436 neutrum
1271 1360 1352 1458 α’χό·

246 1497 322 1560 pean
342 1464 541 1557 παθήματα
561 1471 691 1535 Herodo.
708 1473 731 1536 Ι.
748 1471 823 1563 207.
848 1477 884 1537 ab
907 1486 1032 1560 utroque
1054 1473 1240 1540 nominativo
1261 1468 1351 1554 repeti
1445 1519 1446 1530 ,

245 1585 384 1662 possunt,
407 1595 474 1638 nem
497 1573 611 1654 suavis,
632 1576 800 1659 gratiosus,
825 1579 957 1641 urbanus
979 1578 1065 1641 modo
1090 1572 1226 1667 εὔχαρις
1247 1572 1351 1636 dicitur
1445 1563 1446 1640 i

118 1712 120 1717 ·
247 1681 333 1744 modo
356 1669 530 1768 εὐχόρικος
552 1687 583 1739 et
610 1676 666 1740 hoo
689 1699 900 1762 nonnunquam
922 1701 976 1764 pro
998 1677 1196 1770 εὐχάριστός
1216 1699 1248 1742 v.
1263 1675 1350 1739 Wes·
1445 1695 1446 1704 ¹

247 1781 357 1866 seling.
391 1782 432 1846 ad,
452 1779 538 1842 Diod.
562 1777 674 1842 XVIII.
703 1779 757 1846 28.
787 1781 917 1845 Dorvill.
947 1784 984 1846 66
1006 1781 1097 1844 Char.
1128 1779 1206 1846 616.
1234 1774 1350 1842 Schnei-

248 1886 312 1948 der.
336 1885 372 1947 66
395 1884 530 1946 Demetr.
562 1881 597 1943 de
620 1881 705 1946 Eloo.
738 1905 765 1946 e.
791 1884 921 1946 CXXX.
949 1883 1003 1948 55.
1034 1883 1234 1966 similiterque
1255 1890 1351 1944 cetera
1443 1955 1444 1960 ἵ

156 2037 162 2056 ,
247 1985 410 2070 composita
430 2005 462 2048 v.
488 1983 625 2048 Pierson.
649 1986 685 2057 ad
705 1985 866 2050 Herodian.
890 1985 1006 2073 pati.
1023 1987 1090 2050 Ast.
1113 1987 1154 2050 'ad
1168 1985 1244 2050 Plat.
1259 1982 1348 2065 Lugg-

246 2109 277 2173 p.
300 2083 376 2152 297.
400 2086 456 2149 Ed.
473 2085 531 2149 rr.
563 2103 730 2170 quanquam
752 2087 950 2153 Buttmannus
973 2089 1106 2152 Gramm.
1131 2089 1161 2172 5.
1187 2086 1241 2163 67,
1263 2083 1293 2148 4.
1317 2083 1349 2146 66

247 2183 438 2278 ἐπιχόριτος
456 2188 582 2252 dubitat.
629 2188 786 2254 Communi
814 2191 881 2254 usui
904 2202 1010 2275 aptum.
1035 2201 1082 2254 est
1103 2181 1350 2266 ὃνςελπιστόνι-

247 2303 305 2380 ρος
328 2293 442 2356 Soorat.
466 2291 563 2376 Epist.
587 2289 654 2364 VII.
684 2314 714 2378 p.
739 2292 792 2357 13.
825 2303 856 2357 et
885 2305 987 2356 uetera
1008 2291 1156 2357 verbalia.
1201 2293 1226 2355 E
1253 2309 1350 2354 mono·

225 2417 228 2423 ·
247 2391 373 2484 syllabis
395 2415 487 2459 unum
509 2393 582 2457 mihi
603 2405 724 2479 praesto
746 2387 965 2469 οἷκιοόκονιος..
991 2396 1048 2460 Sed
1076 2397 1112 2458 de
1142 2392 1351 2479 compositione

248 2521 323 2586 qnae
346 2499 480 2562 dieturus
503 2517 604 2574 eram,
634 2499 765 2561 nondum
796 2497 923 2563 absolvi.
975 2499 1021 2561 Ab
1050 2491 1140 2587 όρχις
1172 2517 1233 2562 nan
1262 2495 1352 2560 solum

247 2601 398 2691 ἔνόορχις
425 2599 541 2664 Aneed.
571 2620 601 2684 p.
633 2597 728 2664 1370.
756 2591 958 2690 κρόψορχις,
985 2593 1169 2690 μόνορχις,
1200 2595 1348 2688 κριόρχις,

247 2707 325 2790 qnod
360 2705 393 2767 in
429 2703 494 2766 eod.
531 2721 598 2786 rog.
640 2702 752 2786 legitur
782 2704 910 2768 Aristot.
951 2701 1065 2766 Histoe.
1103 2701 1237 2768 Animal.
1275 2696 1349 2764 VIII.

249 2807 281 2872 5.
312 2804 375 2890 (3.)
412 2805 465 2868 sed
500 2814 532 2868 et
566 2797 720 2892 ἐνόρχης,
763 2798 966 2896 σποθόρχης,
1006 2801 1159 2895 τριόρχης
1197 2804 1287 2889 vulgo
1322 2809 1350 2863 et

247 2910 323 2994 apud
344 2905 573 2992 Aristophanem
593 2906 710 2990 ipsum,
734 2907 785 2992 qui
806 2909 900 2972 semel
921 2907 1010 2972 metri
1032 2929 1122 2972 eausa
1144 2907 1264 2974 admisit
1283 2899 1352 2989 πρί-

248 3032 363 3100 ορχος,
395 3007 447 3072 alii
476 3002 618 3098 οἴνορχος
645 3020 677 3073 et
709 3013 866 3100 ἕνορχοςς
901 3005 1045 3075 Herodoti
1075 3010 1195 3075 oodiees
1218 3007 1269 3074 VI.
1298 3004 1369 3072 32..

247 3111 328 3183 VIII.
354 3109 428 3176 105.
458 3110 578 3174 variant
598 3101 767 3201 ἐνόρχιας,
793 3110 951 3202 ἐνόρχας,
974 3110 1153 3202 ἐνορχίων,
1178 3109 1350 3201 ἐνορχιέων
1413 3163 1414 3170 ,

247 3213 313 3281 sive
336 3211 512 3303 ἐνορχέων,
535 3223 566 3276 et
586 3215 738 3298 genitivus
760 3215 852 3279 ionici
874 3215 981 3280 similis
1003 3215 1064 3300 τῆς
1092 3207 1258 3305 τριόρχιος
1280 3209 1350 3295 legi·

248 3331 299 3381 tnr
320 3313 404 3381 Paul.
427 3316 504 3400 Aeg.
528 3313 580 3379 IV.
603 3315 658 3393 41,
683 3315 756 3382 149.
802 3315 849 3382 06
871 3318 936 3396 his,
967 3339 1132 3402 quaecum
1153 3315 1252 3392 πόλις
1274 3333 1349 3378 oom-

247 3421 344 3506 posita
365 3425 448 3496 sunt,
471 3417 535 3481 dixi
560 3420 596 3482 66
607 3417 720 3505 Phryn.
736 3417 849 3505 poou.
865 3421 984 3484 omissis
997 3441 1072 3504 quae
1094 3441 1113 3484 6
1133 3415 1350 3505 praepositione

248 3523 418 3598 ordiuntur,
441 3521 594 3608 ἔμπολις,
615 3515 780 3608 πρόπολις
807 3522 883 3607 (τοῦ
896 3516 1091 3608 rependistis
1106 3545 1137 3588 v.
1159 3523 1230 3588 Bos.
1245 3518 1348 3601 EIIips.

247 3647 278 3710 p.
304 3621 397 3705 187.)
421 3622 596 3711 περίπολις
617 3624 691 3706 (uisi
705 3623 888 3712 περίπολος
902 3626 1034 3709 scripsit)
1057 3625 1114 3692 καὶ
1130 3613 1261 3712 δρυμός
1276 3616 1347 3684 PoII.

248 3727 314 3791 VII.
338 3725 415 3792 203.
460 3727 513 3791 His
534 3726 710 3791 intermixta
738 3738 809 3792 sunt
831 3727 972 3812 quaedam
995 3749 1036 3792 ex
1057 3727 1154 3791 altero
1176 3726 1282 3792 ordine
1302 3721 1349 3784 66·

248 3829 454 3903 elinationum,
478 3820 682 3916 suspendium,
702 3825 887 3916 προπόλιος
913 3840 944 3893 et
968 3830 1078 3896 leniter
1105 3829 1252 3894 inflexum
1272 3845 1350 3909 προ·

245 3927 369 4006 πόλεος
389 3932 518 4001 fortasse
539 3931 740 4016 ambiguitatis
763 3953 871 4008 eausa,
904 3931 1028 4018 aliisque
1059 3933 1190 3996 fontibus
1216 3927 1350 3994 derivata

247 4029 474 4122 βαρημοχνιος,
497 4027 718 4120 όποιρόπιος,
739 4026 965 4122 περιτρόπιος,
989 4026 1211 4121 κλπορόκριος,Ι
1240 4031 1293 4098 sed
1314 4026 1348 4092 ab

249 4133 353 4211 οἷσπίς
373 4133 597 4219 ιλπικσπίδιος,
619 4140 655 4203 ab
671 4131 809 4212 Ἄλπεις
830 4128 1039 4231 ὑπόλπειος,Ι
1059 4131 1287 4230 defendissem
1306 4139 1348 4196 δῖ’
