2940 4894
246 319 316 388 198
611 315 923 386 ntsstttt‘tAt'to
954 317 998 386 ll.

249 496 405 594 φεψάλυξ
426 521 444 565 a
466 497 635 587 φέψαλος,
662 499 718 564 boo
740 521 759 562 a
781 493 892 586 φαύιο.
936 499 1014 564 Sunt
1034 519 1109 565 vero
1132 500 1222 566 etiam
1243 487 1374 586 qnae—al

249 593 322 682 et}
341 606 506 680 alternent,
530 601 807 690 τρίβων-τρίβοιξ
827 603 962 683 (trebax,
986 603 1195 686 servitribax),
1217 599 1376 690 μόθων·

247 701 383 798 pduol,
409 698 688 792 λειμών-λείμαξ
709 708 741 787 (a
761 701 881 792 λεῖβον,
905 697 1026 787 lilnus),
1049 700 1372 784 κνώδαν-κνῶδαξ,

247 807 516 897 αἴραν-μεῖραξ,
541 809 626 892 cujus
648 829 818 894 synonyma
840 820 911 872 sunt
931 807 1271 909 pcdllugj—pcll—uE-f).
1310 810 1375 874 llis

248 915 343 999 igitur
361 910 508 996 exemplis
528 910 719 972 manifestum
738 910 783 986 fit,
807 911 1034 976 terminationes
1054 915 1105 987 αξ,
1131 917 1171 987 ιξ,
1194 917 1245 988 οξ,
1268 912 1373 976 multo

250 1017 369 1102 saepius
391 1013 557 1090 additicias,
582 1033 669 1100 quam
691 1033 710 1076 a
731 1013 841 1076 futuris
864 1015 1024 1077 verborum
1047 1014 1198 1078 derivatas
1220 1035 1306 1090 esse,
1332 1035 1375 1078 ac

248 1119 276 1184 si
298 1119 364 1202 quis
386 1119 473 1180 modo
495 1117 585 1179 unius
607 1116 747 1180 vocabuli
766 1115 951 1180 variationes
973 1117 1232 1196 animadverterit,
1257 1108 1374 1203 κοίρα-

247 1225 328 1312 βος,
357 1214 493 1310 χήραψ,
522 1217 684 1307 papaueris,
715 1214 946 1307 aepolptpdplor,
976 1210 1166 1308 κεραμβνξ,
1209 1240 1266 1304 qua
1295 1219 1374 1304 lege

248 1325 323 1390 baec
344 1334 508 1408 regantur,
537 1321 609 1384 sciri
631 1341 717 1405 posse
740 1321 919 1404 desperabit.

313 1426 388 1490 Cum
412 1425 469 1488 boo
490 1433 590 1487 autem
613 1443 738 1506 genere,
762 1424 839 1507 quod
861 1423 892 1485 in
915 1424 1076 1507 partitione
1097 1434 1203 1488 nostra
1225 1422 1371 1488 ultimum

249 1541 333 1614 erat,
366 1529 531 1593 concinunt
555 1525 756 1606 Romanorum
784 1525 929 1589 vocabula
955 1526 1096 1611 adjectivi
1125 1538 1156 1590 ct
1182 1523 1372 1590 substantivi

248 1633 388 1722 generis,
411 1629 519 1714 partim
541 1627 695 1692 verbalia:
727 1639 867 1704 sternax,
891 1639 996 1712 tagax,
1019 1647 1145 1711 procax,
1168 1640 1291 1704 vertex,
1319 1639 1374 1692 tu-

209 1785 213 1794 .
247 1759 320 1801 mex
343 1725 469 1819 optatas
488 1731 588 1795 Gloss.
612 1752 709 1814 apex,
733 1731 852 1806 struix,
873 1731 1011 1816 impetix,
1034 1730 1179 1806 offendix‚
1200 1733 1372 1817 appendix,

247 1839 379 1915 volvox,
404 1836 511 1918 partim
533 1855 716 1921 paronymar
748 1835 822 1898 dens
845 1835 982 1909 dentex,
1000 1834 1107 1898 furnus
1129 1829 1371 1922 (θερμάστρα)

247 1943 359 2006 fornax
381 1938 505 2012 fornix,
536 1957 638 2000 ramus
660 1959 768 2026 ramex
798 1937 891 2019 (sicut
917 1937 1022 2000 hernia
1048 1934 1155 2022 παρα
1170 1937 1209 2004 τὸ
1238 1942 1369 2023 ἔρνος).

249 2044 307 2107 Sed
328 2043 405 2106 bano
427 2039 653 2104 similitudinem
681 2041 865 2120 articulatim
886 2041 1024 2124 persequi
1053 2041 1131 2104 baud
1152 2044 1188 2104 ab
1211 2061 1245 2104 rc
1271 2043 1368 2106 duco.

247 2146 350 2231 ltaque
371 2143 467 2229 primo
490 2143 597 2228 generi
619 2145 822 2227 componenda
850 2154 923 2207 sunt
947 2142 1092 2226 simplicia
1120 2145 1202 2221 lors,
1232 2145 1285 2208 lax
1313 2143 1370 2227 (ti-
1433 2227 1436 2234 Ι

248 2250 360 2330 cium),
391 2267 471 2330 pax,
501 2266 578 2320 arx,
594 2248 729 2323 scrobs,
758 2247 864 2322 scobs,
894 2246 961 2308 fons
985 2255 1044 2308 eto.
1069 2268 1195 2330 quorum
1215 2237 1371 2312 numerus

247 2373 309 2416 non
336 2349 460 2434 perinde
488 2367 614 2432 magnus
644 2349 815 2412 abundante
844 2348 1075 2433 compositorum
1101 2349 1203 2434 copie,
1233 2351 1369 2428 artilex,

245 2453 401 2528 melliiex,
431 2472 559 2535 auceps,
590 2452 727 2535 forceps,
757 2473 915 2537 manceps,
948 2449 1167 2536 menccps¹⁶),
1197 2453 1388 2536 vesticepS,'

246 2577 378 2634 aureax,
403 2575 528 2628 remex,
552 2553 692 2638 aquileie,
716 2553 859 2639 altispex,
884 2554 1055 2640 coelispcx,
1074 2555 1189 2640 judex3
1223 2564 1369 2638 et-para-

246 2659 455 2747 synthetorum
478 2657 595 2736 subex,
624 2655 752 2740 applex,
783 2659 940 2742 complex,
970 2657 1066 2734 illex,
1095 2655 1207 2734 index,
1238 2657 1365 2741 pollex,

149 2775 151 2780 '
245 2783 351 2828 resex.
394 2759 526 2839 Quorum
553 2759 699 2823 nonnulla
728 2779 795 2824 oum
822 2761 908 2824 verbi
936 2759 1160 2824 inclinamentis
1188 2762 1367 2828 notabiliter

247 2871 438 2948 congruunt3
472 2861 541 2925 dua
563 2872 594 2925 et
615 2883 679 2926 racc
702 2862 875 2927 Priscianus
896 2862 920 2926 l.
946 2862 985 2940 5,
1007 2860 1062 2929 28.
1090 2885 1120 2947 p.
1144 2859 1220 2928 449.
1249 2884 1269 2926 a
1291 2885 1366 2950 per-

315 3151 360 3218 ts)
377 3149 521 3220 Hesychius
538 3149 671 3206 xtttmac
687 3141 825 3218 δημότας,
850 3150 962 3203 fortasse
980 3167 1026 3219 pro
1043 3149 1178 3220 μέλλικαο.
1211 3151 1278 3206 ldetn
1297 3157 1364 3208 Μέ-

243 3233 322 3290 tanea
334 3234 459 3307 νεώτεροι
472 3245 499 3289 et
507 3236 604 3300 Mttat
618 3229 774 3306 δημοτικός,
788 3238 857 3289 sicut
868 3239 999 3306 popularis
1012 3239 1109 3292 dicitur
1119 3254 1166 3304 pro
1179 3240 1274 3290 sodalis
1288 3232 1365 3305 ἧλιξ.

270 3381 272 3388 ,
315 3347 360 3414 lb)
382 3346 540 3402 Niebubrins
558 3333 626 3400 ttis't.
646 3347 717 3400 llorn.
739 3349 770 3400 Τ.
791 3349 811 3402 Ι.
831 3353 897 3404 Adn.
920 3351 978 3406 tot.
1002 3360 1105 3404 veteres
1123 3352 1362 3405 literatos‘erroris

246 3437 348 3500 arguit,
375 3437 442 3500 qnod
459 3440 595 3502 municeps
618 3437 786 3502 compositum
809 3453 865 3489 esse
889 3440 1062 3500 crediderint,
1087 3445 1114 3488 et
1133 3437 1263 3498 levitatis,
1291 3441 1362 3504 qnod

244 3522 300 3572 trin
318 3521 420 3572 nomina
441 3521 467 3570 in
490 3523 595 3572 eandem
614 3523 741 3590 syllabam
760 3525 893 3585 cadentia,
921 3527 1022 3592 biceps,
1044 3527 1186 3590 princeps,
1210 3527 1364 3590 municeps,

244 3621 261 3658 a
279 3608 364 3658 tribus
383 3607 494 3658 diversis
512 3598 645 3658 vocabulis
663 3615 760 3674 caput,
784 3614 861 3676 cupio
879 3618 905 3661 et
923 3627 1032 3677 capesso
1053 3617 1170 3676 repetere
1188 3609 1274 3660 eonati
1293 3610 1358 3662 sint.

243 3691 300 3744 lllis
316 3709 378 3745 vcro
394 3706 522 3760 nunquam
538 3694 564 3744 in
579 3701 689 3747 mentem
704 3697 787 3757 venit,
807 3711 944 3764 capessere
959 3705 1005 3747 ant
1020 3698 1151 3748 divorsum
1168 3709 1183 3744 a
1198 3709 1293 3760 capere
1310 3703 1362 3747 ant

244 3780 345 3831 omnino
363 3781 396 3830 ad
414 3780 610 3846 componendum
633 3789 721 3847 aptum
739 3797 813 3844 cssc3
844 3798 874 3833 ac
891 3783 1066 3844 mirarentur,
1091 3789 1169 3848 puto,
1195 3781 1296 3847 siquis
1315 3799 1360 3834 ne-

206 3849 210 3862 ’
244 3871 319 3929 garet
336 3863 439 3934 γαστὴρ
456 3863 572 3920 ἄναλτον
594 3874 621 3918 el
637 3871 714 3934 nodos
730 3863 849 3920 ἄναλτον
869 3868 912 3918 vel
932 3867 1011 3934 τορός
1027 3865 1121 3934 asulae
1144 3875 1171 3918 et
1190 3865 1359 3934 evacuatam

243 3947 340 4018 νεαλήο
357 3952 468 4002 diversis
486 3959 544 4003 orta
563 3967 620 4003 esse
635 3953 778 4019 principiis.
808 3952 836 4003 Si
852 3969 911 4020 ceps
929 3955 1031 4024 syllaba
1048 3953 1177 4018 significat
1196 3954 1222 4003 id
1239 3955 1306 4020 quod
1326 3954 1361 4004 ad'

244 4051 298 4086 rem
316 4038 443 4102 pertinet,
471 4037 536 4088 nibil
551 4038 663 4089 interest
680 4054 804 4105 aucupem
823 4039 932 4106 aliquem
952 4041 1022 4091 dicas
1040 4055 1072 4090 an
1091 4041 1235 4101 aviarium,
1261 4040 1361 4090 mentis

243 4130 381 4189 compotem
400 4137 432 4173 an
451 4131 540 4174 mente
554 4125 667 4190 captum.
702 4124 752 4174 Sed
770 4125 890 4186 interest,
909 4128 995 4188 credo,
1014 4126 1163 4194 plurimum.
1195 4123 1282 4178 Nihilo
1300 4141 1360 4176 oer-

243 4209 296 4262 tior
314 4210 375 4260 anibi
395 4210 500 4260 videtur
518 4209 564 4260 illa
582 4211 613 4262 dc
631 4211 739 4278 consul,
758 4211 851 4273 careal,
867 4213 997 4279 praesul,
1021 4211 1183 4277 conjectura.
1214 4278 1217 4292 Ι
