2914 4882
154 359 207 426 DE
223 351 360 424 NOMlN.
375 343 531 418 Aetnen.
548 341 603 410 ET
615 339 743 410 SUBS'l'.
760 337 852 409 ctu.
870 337 1003 410 Atfflto.
1027 342 1056 430 5.
1073 340 1126 411 11.
1155 341 1222 413 571

113 540 248 606 animum
270 537 307 600 ad
328 532 481 598 notionem
501 526 563 614 τῆς
579 515 732 612 nepopis
747 525 900 588 referrent
915 507 972 596 ¹'sed
991 543 1046 610 per
1064 525 1222 610 seipsam,

114 661 229 729 genere
249 649 351 703 autem
373 632 518 698 feminino
539 650 616 694 usos.
634 647 701 691 esse
724 628 760 690 ob
783 627 907 692 eandem
928 627 1067 704 causam,
1090 649 1148 712 qua
1169 652 1226 696 ιιο-

114 735 210 832 popq'
234 740 378 806 feminine
400 735 618 820 appellaretur,
651 741 682 793 et
705 725 845 792 similiter
866 723 891 813 ἡ
910 725 1058 814 τρίοδος,
1088 729 1111 816 ἦ
1132 727 1227 818 οἶμα-

114 841 215 926 ξιπός,
238 844 307 930 quia
328 833 414 914 ὁδός,
435 836 608 914 κέλευθος,
630 831 743 918 οἶμος,
764 827 892 916 τρίβος,
915 825 1028 917 dyved,
1052 854 1138 917 agea,
1161 835 1225 914 via,

112 949 263 1015 feminina
290 955 373 1009 sunt.
418 941 463 1004 Ac
492 939 518 1002 si
547 935 724 1021 simplicium
753 954 850 1018 genus
881 953 937 1016 qua
966 935 1084 998 ratioue
1101 936 1229 1002 nitatur

112 1053 293 1139 plerumque
320 1047 537 1126 incompertum
560 1050 625 1114 est,
657 1037 723 1121 quis
746 1033 874 1100 sollicite
900 1047 1024 1118 quaerat
1047 1031 1101 1100 cur
1127 1033 1229 1124 ἦξύ-

114 1157 218 1244 λορος
240 1151 357 1215 dicatur
379 1157 410 1210 et
430 1137 626 1232 ddpdopoci
658 1137 825 1202 Fortuitum
845 1148 903 1216 est,
928 1139 1004 1221 quod
1023 1139 1144 1204 nomina
1160 1141 1230 1208 viaa

113 1255 273 1324 indiuidua
294 1253 326 1316 in
348 1271 404 1314 usu
426 1256 545 1312 retenta
563 1254 647 1318 sunt,
672 1259 746 1325 quae
767 1241 794 1303 si
815 1240 847 1303 in
865 1239 960 1324 prima
980 1241 1101 1325 linguae
1118 1243 1230 1308 lubrica

113 1357 365 1429 intercidissent,
395 1370 483 1414 nemo
506 1346 607 1410 dicere
628 1354 732 1430 posset
754 1363 808 1406 cur
828 1337 1033 1428 ἤπλοιτοϊοι,
1059 1339 1082 1428 ἦ
1104 1367 1230 1413 στενω-

115 1485 198 1540 πος,
222 1455 244 1545 ἦ
265 1445 443 1540 λεωφόρος,
464 1447 486 1536 η’
508 1439 739 1536 οἷμοξήλοτος,
761 1455 867 1520 strata,
891 1446 1011 1520 semita,
1035 1446 1232 1514 enuntientur

117 1583 235 1652 genere
257 1555 413 1624 feminino.
453 1553 497 1616 Ac
518 1552 651 1637 profecto
674 1549 740 1612 lieri
761 1558 877 1645 potest,
900 1559 1031 1632 atquae
1055 1547 1139 1612 nohis
1162 1551 1231 1614 suh·

119 1667 256 1734 stantiva
272 1662 414 1726 videntur
431 1653 593 1742 primitiva,
612 1671 718 1735 reapse
736 1648 883 1736 adjectiva
897 1650 960 1714 sint
975 1652 1039 1726 οἱα,
1058 1646 1229 1738 οίγοιοί9’).

120 1771 183 1834 Sed
209 1778 244 1831 ut
269 1764 343 1827 haec
365 1760 516 1834 omittam,
549 1776 624 1840 quae
646 1754 735 1839 longe
761 1754 796 1816 ab
822 1751 1024 1837 intelligentia
1046 1763 1150 1818 nostra
1173 1754 1233 1819 dis·

116 1876 227 1961 juncta
249 1877 338 1941 sunt,
366 1863 419 1926 illa
440 1862 477 1926 de
499 1857 669 1942 compositis
692 1855 843 1941 quaestio,
875 1867 961 1939 qoam
984 1856 1160 1935 adumbrare
1183 1877 1233 1922 co·

125 1973 191 2041 nati
215 1989 329 2044 sumus,
352 1965 385 2029 in
406 1983 488 2028 meas
510 1972 610 2046 partes
632 1959 818 2023 successuris
841 1957 1003 2022 studiosius
1025 1961 1235 2044 pertractanda

125 2077 199 2152 erit,
223 2073 250 2137 ei
272 2069 385 2156 quaed
407 2066 522 2132 exitum
544 2061 665 2147 perduci
686 2062 791 2146 possit.
828 2061 970 2144 Equidem
994 2060 1049 2126 hoc
1071 2062 1138 2127 loeo
1160 2061 1235 2127 nihil

124 2179 208 2244 ultra
233 2175 348 2258 addam·
363 2179 569 2255 praeterquam
599 2165 803 2238 doomonte,
835 2183 874 2226 ne
901 2164 969 2246 quis'
995 2163 1065 2228 hinc
1089 2165 1236 2231 auxilium
1281 2198 1285 2209 a

125 2289 221 2368 petat.
267 2275 397 2338 Primum
426 2269 546 2334 nomina
567 2265 759 2332 verbaliaain
784 2250 851 2350 ,οἷς
873 2265 1033 2343 exeuntia,
1061 2267 1127 2332 sive
1150 2289 1236 2356 para·

128 2380 273 2470 syntheta
295 2385 366 2442 sunt
387 2374 452 2438 sive
478 2371 656 2455 composita,
687 2367 773 2430 modo
795 2377 950 2430 accentum
972 2367 1149 2451 simplicium
1171 2390 1237 2434 ser·

124 2494 219 2560 rant,
253 2466 522 2567 οἷκροχειριομός,
552 2462 789 2560 ζογοοταθμός
815 2468 965 2533 Plutarch.
993 2469 1029 2532 de
1055 2467 1125 2533 Fac.
1153 2469 1245 2536 Lun.

125 2586 200 2654 XV.
225 2581 278 2650 50.
301 2581 338 2644 Τ.
357 2577 441 2644 Xlll.
465 2569 704 2660 κολοοοαθμός
727 2572 856 2658 llesych.
883 2564 1134 2659 ἱμαντελιγμός,
1156 2595 1237 2660 κρο-

126 2677 309 2776 πολεγμός,
332 2673 563 2768 κοοολαγμός,
582 2670 822 2764 μηλιαοθμός,
844 2667 1128 2759 ὁπλοκοθοιρμός,
1150 2675 1237 2740 modo
1365 2727 1367 2732 .

126 2791 306 2866 retrahunt,
328 2779 565 2875 βούοτοθμος,
586 2769 853 2869 γοοατόδεσμος,
873 2769 1092 2864 ζυγόδεσμος,
1114 2771 1238 2844 κοιλιό-

128 2895 272 2981 dacpcoe,
303 2883 530 2973 κονόδεσμος,
565 2872 866 2969 οτρωματόὸοσμος
897 2879 994 2964 (quod
1025 2859 1237 2965 nonnunquam

129 2997 250 3064 acuitur
271 3015 303 3058 v.
327 2993 366 3056 ad
385 2991 497 3076 Phryn.
521 3009 551 3072 p.
570 2984 683 3068 tot),
708 2981 944 3068 σπελόὸεσμος,
968 2975 1174 3072 ω’ρόδεομος,
1197 2983 1238 3049 si·

74 3179 77 3186 Ι
129 3099 245 3166 militer
273 3083 428 3181 adjectivis
458 3086 672 3176 λινόδεσμος,
701 3079 908 3186 λογόρεσμος
937 3097 996 3150 ete.
1042 3085 1117 3150 Tum
1148 3085 1238 3150 aliter
1301 3159 1305 3166 ,

130 3205 260 3288 figurata
280 3201 345 3263 sine
366 3195 428 3260 ullo
451 3193 691 3258 coordinatorum
714 3200 745 3253 et
763 3188 1024 3252 subordinatorum
1046 3187 1238 3252 discriminet

131 3290 375 3388 ἱπποποτομός
393 3298 528 3360 Damasc.
547 3293 633 3357 Phot.
653 3292 727 3354 Cod.
744 3289 910 3355 MXLVlll.
931 3288 1004 3354 557.
1030 3289 1155 3352 latinum
1176 3289 1239 3372 hip-

131 3416 306 3493 popotamus
327 3412 362 3466 ut
381 3400 566 3481 Areopagus,
589 3395 666 3479 quod
688 3393 853 3479 elegantius
876 3391 1026 3456 dirimitur
1046 3397 1152 3464 ἵππος
1173 3413 1240 3456 πο·
1357 3427 1360 3438 =

130 3500 258 3594 ποίμιος
279 3503 409 3569 Herode.
433 3499 471 3562 ll.
495 3497 549 3562 71.
573 3489 724 3560 Plutarch.
748 3497 785 3558 de
806 3494 847 3559 ls.
872 3516 900 3558 c.
924 3493 977 3559 32.
1003 3503 1034 3556 et
1056 3489 1109 3556 50.
1137 3491 1240 3588 Streh.⁸

132 3609 207 3676 XV.
227 3606 302 3673 707.
324 3603 444 3671 Arrian.
465 3600 531 3666 Iud.
550 3597 603 3666 Vl.
622 3597 677 3663 38.
700 3619 732 3664 v.
751 3595 919 3662 Tischock.
943 3595 980 3659 ed
997 3594 1070 3660 Mel.
1095 3591 1164 3658 Vol.
1184 3591 1237 3657 lll.

137 3777 349 3796 μ

206 3895 253 3966 dl)
276 3893 421 3962 Stephanos
435 3879 527 3960 Ἀγοιιί
549 3882 637 3960 (παροί
652 3883 686 3944 cd
704 3881 771 3960 ἔγω)
788 3883 823 3943 eir
839 3881 917 3956 παριί
933 3879 969 3941 ιδ
983 3877 1057 3953 ἅρπη
1079 3873 1173 3951 (ίίρποι
1191 3881 1241 3936 lie-

134 3981 237 4039 rodian.
258 3996 299 4048 ap.
317 3981 396 4034 Orion
413 3996 438 4047 p.
455 3977 515 4046 28.)
532 3969 651 4044 ίίρποιο,
667 3969 752 4046 ὅρέγω
770 3973 873 4045 dariae.
899 3967 1012 4040 Ἅρπυια
1030 3976 1101 4022 certe
1119 3969 1242 4035 adieetivi

135 4065 223 4122 limile
245 4074 276 4118 ut
293 4068 394 4138 οίθυιο
416 4067 436 4118 i.
455 4081 481 4132 q.
501 4057 586 4131 αἷθὴ,
608 4060 681 4140 doio!
701 4060 720 4112 i.
740 4075 766 4126 q·
783 4053 856 4114 θῖιοα
878 4058 922 4125 (ul
938 4058 1027 4128 φθῗσα
1048 4051 1166 4126 piisimi
1183 4049 1242 4108 ded

133 4156 257 4227 φθίσεως
272 4150 398 4221 llesych.)
415 4151 483 4218 apud
498 4149 706 4219 Lycophroncm,
728 4141 886 4213 Ὠρείθυια,
897 4137 1085 4208 4Κ.οιί.λίθοιοι,’
1101 4139 1149 4192 itta
1166 4153 1183 4191 ι
1201 4139 1241 4210 iu·

133 4239 217 4295 nodo
234 4240 365 4294 nominata
381 4241 413 4288 ut
429 4232 546 4300 dieue,
568 4235 632 4286 haee
648 4247 665 4284 a
681 4228 858 4284 sacrificando.
941 4247 944 4255 ¹
