2940 4894
236 306 304 374 me
422 313 454 362 ν
589 291 913 373 nrssnnrurro
942 305 989 371 ιι.

234 497 404 573 perstructa
433 483 631 576 praq⁴⁶).
683 485 740 549 Sed
776 505 884 550 rursus
911 477 1035 571 Nc'po}
1062 497 1095 552 et
1123 477 1273 574 Nuptiae]
1304 485 1354 550 iu·

234 591 364 656 discreta
394 601 467 654 sunt
496 611 529 654 v.
554 587 742 671 Wcsseling.
767 587 805 650 ad
827 587 914 652 Diod.
937 588 1022 652 XlV.
1047 586 1100 654 82.
1131 600 1169 654 nt
1200 581 1295 662 σικύς
1322 599 1356 654 ct

234 689 349 766 σικυός
362 693 438 756 Poll.
453 691 506 754 Vl.
524 690 578 755 46.
602 689 730 778 βλῆνος
754 702 785 754 et
801 683 927 777 βαλήν,
952 683 1089 779 Hoiyou
1109 691 1261 776 Argolidis
1282 711 1354 776 por-

229 805 282 860 tus
305 806 337 858 et
351 789 510 878 Pogonus,
541 815 598 858 nec
620 794 731 878 scimus
758 791 903 878 Τροίζην
926 793 992 858 sive
1019 785 1164 880 Τροιζήν
1186 793 1276 856 aliter
1292 792 1354 856 lici

233 919 319 982 quam
347 895 530 982 Τροίζηνος
553 919 583 961 v.
603 894 704 958 Schol.
729 893 764 957 ll.
788 895 831 962 B.
856 893 932 958 847.
957 897 1009 960 sed
1029 896 1269 980 apudllcmanos
1287 917 1355 958 mc-

231 994 356 1085 tropolis
372 999 511 1062 Troezen
533 999 655 1077 dicitur,
678 997 836 1060 Troezene
857 997 976 1062 colonia
988 1019 1019 1062 v.
1035 998 1205 1062 Tzschuck.
1225 997 1351 1062 subtel.

231 1101 301 1166 Vol.
316 1101 354 1164 ll.
380 1101 413 1165 P.
430 1101 468 1164 ΙΙ.
492 1099 569 1167 237.
615 1100 769 1185 Ejusmodi
795 1100 987 1184 quaestiones
1009 1113 1079 1164 sunt
1099 1099 1235 1164 infinitae
1257 1111 1289 1164 et
1302 1100 1354 1162 in·
1455 1095 1456 1100 ’

231 1203 445 1279 numerabiles,
467 1224 542 1286 quas
564 1201 591 1266 si
613 1204 679 1290 quis
696 1203 857 1266 solvendas
872 1203 1051 1286 susceperit,
1075 1203 1166 1266 faciet
1180 1203 1257 1292 quod
1271 1201 1354 1266 uua-

231 1307 283 1370 les.
298 1301 504 1390 interrogatus
526 1306 595 1389 quid
615 1307 688 1368 deus
706 1316 799 1382 esset,
823 1305 933 1370 iecisse
950 1305 1078 1381 (licitum
1110 1306 1236 1389 primum
1255 1305 1353 1380 diem,

231 1419 294 1472 tum
315 1427 468 1484 mensem,
497 1419 562 1471 *tum
593 1429 704 1472 aurnum
719 1408 792 1470 'sibi
813 1408 850 1471 ad
873 1407 1094 1471 deliberandum
1117 1417 1231 1491 poseat.
1278 1405 1352 1472 Non
1457 1405 1458 1410 ’

230 1511 330 1574 minus
352 1509 522 1594 ambiguum
547 1511 600 1576 scd
622 1512 722 1573 minus
745 1503 854 1594 ambigi
877 1510 1012 1594 dignum,
1036 1517 1093 1593 qua
1115 1510 1165 1573 via
1181 1531 1352 1596 paronyma

231 1614 284 1677 illa
306 1614 368 1676 sint
389 1625 474 1688 orta;
502 1623 603 1694 utrum
625 1623 661 1676 ut
682 1623 804 1676 veteres
826 1612 944 1688 volunt,
967 1634 986 1676 a
1008 1613 1100 1676 certis
1122 1612 1351 1695 praeformatis·

231 1735 289 1800 que
305 1715 421 1778 casibus
437 1735 476 1776 an
491 1716 589 1798 potius
604 1736 622 1778 a
637 1716 730 1798 stirpe
748 1714 823 1798 ipsa.
868 1715 1012 1798 Equidem
1035 1715 1078 1778 ita
1099 1715 1171 1778 mibi
1194 1716 1350 1797 persuasi,
1456 1783 1457 1790 χ

231 1817 413 1882 anadromen
435 1817 517 1880 illam
539 1819 575 1880 ad
599 1819 780 1882 servandum
803 1816 1000 1882 scholasticae
1015 1818 1188 1901 disciplinae
1207 1827 1351 1881 tenorem
1456 1835 1458 1873 t

228 1921 350 2006 perapte
369 1920 571 2004 excogitatam
584 1942 664 2000 csse,
689 1921 741 1983 scd
763 1920 878 2003 priscos
891 1921 1146 1996 nomenclatores,
1170 1940 1244 2002 quae
1260 1919 1350 1984 (lictu
1458 1915 1459 1928 ¹

230 2043 304 2108 opus
326 2032 425 2097 erant,
449 2021 543 2085 libere
565 2035 654 2107 atque
676 2024 743 2086 sine
766 2023 965 2106 proplasmate
986 2023 1124 2086 linxisse.
1163 2021 1246 2086 Alco
1262 2024 1351 2086 enim
1458 2095 1459 2098 Ἴ

231 2145 320 2188 cerea
342 2135 390 2187 est
406 2125 618 2188 vocabulorum
633 2137 753 2200 natura,
777 2126 864 2189 utin
886 2126 951 2209 ipso
973 2125 1158 2208 loquentium
1181 2125 1351 2188 crealiter

230 2237 318 2310 atque
347 2227 437 2290 aliter
464 2227 643 2311 figurentur.
697 2229 799 2313 Etym.
825 2229 866 2292 Μ.
890 2249 918 2312 p.
940 2227 1022 2303 231,
1044 2225 1077 2290 8.
1110 2217 1256 2314 I'qpum'v
1286 2227 1350 2294 καὶ
1457 2249 1459 2286 l

229 2326 315 2396 accc
344 2327 594 2417 pceccnlo'opcaiv
617 2327 811 2417 Γηρυονεύς
833 2331 886 2414 (ut
914 2325 1040 2416 Ὀφίων
1067 2324 1256 2416 Ὀφιονεύς)
1285 2333 1349 2398 cot

229 2428 421 2519 Γηρυόνης·
445 2429 463 2498 ὁ
481 2432 521 2499 ’δὲ
532 2430 740 2520 Ἡρωδιανὸς
765 2434 851 2522 λέγει
867 2432 911 2499 'co'
934 2425 1080 2520 quooiu
1102 2429 1172 2500 ἀπὸ
1192 2433 1255 2498 τοῦ
1269 2434 1348 2519 Γη-

228 2531 352 2625 ρυόνης
374 2536 462 2602 εἶναι
483 2534 568 2603 cocoi
592 2529 792 2622 ciacconq'b..
824 2537 970 2600 Similiter
984 2527 1180 2611 Καππάδοξ
1196 2539 1348 2603 οιΚαπ-
1459 2541 1460 2598 ι

228 2632 377 2725 παδόκης
392 2662 423 2702 v.
438 2639 607 2703 Tzschuck.
631 2641 668 2704 ad
684 2640 789 2703 Strab·
800 2639 871 2703 Xll.
892 2661 921 2723 p.
940 2636 972 2702 6.
990 2638 1096 2702 Jacobs
1109 2639 1146 2702 ad
1160 2637 1253 2702 Antb.
1274 2639 1345 2704 Pal.
1459 2663 1460 2686 ι

228 2765 260 2829 p.
278 2742 354 2810 415.
378 2742 427 2806 cui
450 2741 616 2825 Stephanus
643 2738 812 2818 Τεκτόσαξ
835 2753 866 2806 et
892 2732 1105 2828 Teucouc'ch
1129 2730 1350 2828 (utAt’yooci-

229 2869 290 2933 γης
311 2867 343 2908 v.
362 2845 606 2928 Schweigbaues.
630 2847 667 2907 ad
690 2845 794 2931 Polyb.
820 2845 858 2908 V.
874 2842 928 2922 77,
952 2841 1002 2922 3..)
1026 2843 1187 2928 componit,
1219 2843 1347 2928 Satraps

141 2990 147 3004 ι
231 2959 263 3012 et
285 2947 444 3031 Satrapes,
474 2955 508 3008 ut
529 2942 610 3034 ῥώξ,
637 2931 745 3032 rupes,
777 2959 808 3010 ct
828 2948 957 3011 fortasse
979 2949 1060 3012 trabs
1084 2968 1102 3010 a
1123 2940 1347 3032 cpcipqlsivc

229 3045 371 3136 τράπηξ,
394 3047 450 3112 hoc
471 3069 489 3112 a
510 3041 640 3136 cpoiqro,
664 3052 743 3112 unde
765 3045 889 3135 coipqq,
919 3048 949 3112 id
971 3059 1018 3112 est
1039 3047 1183 3136 βλαστοί
1200 3049 1342 3134 Hesycb.

231 3164 264 3216 et
277 3152 452 3236 interposita
466 3152 525 3215 alia
538 3151 635 3217 vocali
649 3148 790 3238 ὕσπληξ,
812 3148 987 3238 iunioris,
1008 3144 1150 3239 βᾰμβαξ
1163 3152 1229 3216 sive
1243 3148 1345 3238 πάμ-

231 3257 314 3343 βαξ,
334 3252 511 3341 βαμβακίς
541 3255 624 3319 Suid.
648 3251 796 3331 πάλλαξ,
820 3252 999 3330 παλλακίς,
1030 3256 1135 3338 quibus
1156 3255 1245 3318 nemo
1267 3265 1344 3320 aba·

56 3339 65 3360 ⁸
110 3431 112 3436 ,
231 3361 353 3422 dromac
375 3378 485 3420 nomen
506 3357 672 3442 applicabit.
717 3357 876 3441 Nibilcqne
898 3357 1084 3441 exploratior
1105 3359 1343 3422 videturmcta·

231 3460 336 3546 plasmi
358 3470 547 3546 praetextus,
570 3460 656 3544 'cujus
679 3481 769 3547 quum
785 3460 903 3543 saepius
919 3460 1017 3524 habita
1030 3460 1072 3522 sit
1084 3459 1209 3540 mentio,
1234 3479 1344 3532 causas

232 3575 264 3629 et
285 3583 398 3650 genera
419 3561 518 3646 paullo
539 3562 708 3626 accuratius
729 3563 883 3647 inquirere
904 3563 1087 3628 annitamur.

231 3734 442 3749 m

168 3901 169 3906 ἵ
302 3835 347 3902 lt)
364 3809 509 3890 Discrimcn
527 3837 655 3890 nominum
673 3825 766 3908 ὅμφαξ
784 3841 811 3888 ct
828 3829 938 3906 ὄμφᾶκη
963 3834 987 3888 lu
1007 3829 1111 3888 Lenieis
1134 3831 1260 3888 traditum
1278 3833 1341 3888 niti·

148 3996 150 4002 Α
231 3929 277 3975 tur
294 3939 345 3974 nno
362 3922 520 3978 Dioscuridis
536 3925 603 3990 loco,
627 3941 676 3994 qno
695 3940 762 3976 nuuc
780 3939 825 3992 pro
842 3919 950 3993 ὄμφιίκη
968 3931 1089 3976 revocata
1106 3931 1146 3976 est
1163 3924 1258 3976 ntuim
1275 3925 1343 3975 scri·

230 4017 309 4080 ptura
325 4001 428 4080 ὅμφαξ.
