2914 4882
243 283 316 356 cur
364 339 367 346 .
606 281 920 350 orssunrnrro
943 282 1003 352 1v.
1045 235 1052 244 ’
1181 234 1186 244 ’

246 465 359 536 Moeris
381 484 525 551 personas
546 464 638 529 attice
658 463 837 551 πρόςωπον,
857 463 949 550 vulgo
970 473 1167 550 προςοπετο
1184 467 1287 532 vocari
1300 469 1347 533 alt.
1429 509 1430 522 .

246 569 390 634 Poculum
412 569 535 653 cymbae
556 567 653 632 simile
676 589 737 632 nou
759 569 856 632 solunt
878 571 1048 656 νομβεῑον
1061 565 1181 644 ὥοίῖοο,
1206 571 1351 634 sedetiam

248 669 365 760 κύμβη
384 669 497 734 Athen.
520 669 577 734 XI.
601 667 677 734 483.
700 669 740 735 Α.
763 671 879 736 Auecd.
903 693 933 756 p.
957 668 1033 737 274.
1060 685 1251 738 στυππεῖον
1268 673 1352 738 Scho-

247 775 351 840 liastes
375 773 500 836 Luciani
523 771 610 836 Asin.
635 773 663 855 §.
675 771 729 836 31.
747 771 863 858 p.168.
888 773 1106 857 interpretatur
1131 767 1352 862 andrapon),

95 866 116 912 ”
247 877 389 962 nulloque
418 874 591 938 discrimine
620 873 740 962 κελέβη
768 875 879 940 dicitur
908 885 941 938 et
968 874 1137 962 κελέβειον
1163 875 1273 940 Athen.
1300 876 1352 940 Xl.

247 978 323 1044 476.
347 979 386 1042 ll.
410 977 551 1044 Photius:
584 978 725 1062 Μνῆμο
745 980 813 1064 μὲν
836 975 855 1044 ὁ
883 971 1010 1064 τάφος,
1033 991 1210 1064 μνημεῖον
1233 978 1269 1044 db
1288 978 1355 1046 noir
1429 995 1431 1040 J

248 1073 496 1171 μνημόσυνον,
518 1080 572 1144 sed
594 1090 712 1144 constat
739 1101 828 1166 saepe
855 1099 946 1142 unum
973 1099 1030 1165 pro
1056 1079 1155 1144 altero
1186 1082 1275 1164 poni,
1303 1103 1356 1146 nec

246 1185 344 1272 magis
371 1185 450 1248 fixos
480 1183 625 1247 terminos
654 1182 764 1248 habent
792 1181 886 1268 σῆμα
919 1191 951 1245 et
981 1193 1142 1268 σημεῖον,
1171 1179 1357 1270 γλωσσόκο-

246 1310 318 1376 μον
340 1298 372 1351 et
391 1288 677 1373 γλωοοοκομεῖον,
701 1305 827 1368 quorum
855 1285 938 1369 prins
959 1283 1099 1369 repudiat
1119 1284 1304 1370 Phrynichus
1324 1309 1353 1370 p.

247 1389 301 1458 98.
333 1389 417 1455 Plato
426 1390 532 1472 hegg.
565 1385 617 1448 lll.
642 1384 716 1450 678.
741 1388 779 1451 D.
802 1388 986 1475 μεταλλεῖα
1016 1387 1137 1470 scripsit
1165 1409 1219 1472 pro
1249 1388 1357 1452 usitato

245 1495 408 1583 μέταλλα,
435 1486 621 1562 ἔνοολείοις
651 1489 735 1552 codd.
758 1493 903 1574 praebent
932 1507 987 1574 pro
1009 1486 1164 1563 ἐναύλοις
1190 1491 1265 1556 Eur.
1289 1491 1355 1554 llel.

249 1593 345 1662 1110.
370 1605 402 1657 et
422 1585 605 1680 clypco-pro
633 1587 772 1678 οἷγγοῑον
803 1593 907 1658 Noun.
940 1593 1021 1677 Epit.
1047 1591 1100 1656 lll.
1124 1591 1179 1656 96.
1211 1595 1248 1658 de
1277 1590 1358 1680 calip
1432 1665 1433 1706 p

248 1711 280 1764 et
294 1697 430 1766 τνλεῑον
448 1694 512 1757 dixi
533 1693 632 1777 aliqua
646 1695 683 1756 ad
698 1694 812 1782 Phryn.
826 1717 856 1780 p.
866 1694 938 1759 174.
957 1689 1062 1770 'dcirca
1076 1707 1107 1759 et
1129 1687 1267 1762 δοῖνειον
1289 1719 1359 1760 con·

248 1801 333 1867 fundi
355 1797 575 1882 Lexicographi
598 1799 718 1874 docent,
741 1819 798 1861 nce
819 1799 970 1882 Euphorio
992 1799 1109 1864 veritus
1131 1809 1179 1862 cst
1192 1821 1245 1882 pro
1263 1799 1360 1885 κρέας

155 1929 160 1938 ·
249 1904 382 1970 scribere
404 1913 539 1988 κρεῖον,
563 1901 708 1984 quemad
729 1899 971 1966 schematismum
992 1895 1204 1986 prae'ccteris
1232 1903 1361 1966 inclinat

248 2006 411 2092 Nicander,
435 2016 639 2088 οπερμεῖον,.
654 2005 872 2089 οτρομβεῑον,
895 2006 1087 2084 peculator,
1104 1995 1285 2084 νοοῖθοιον,
1300 1998 1358 2071 ru'-

249 2132 360 2190 rcccor,
382 2099 548 2194 δορπήῖον
570 2116 631 2170 οιο.
678 2107 851 2191 Quanquam
873 2107 1072 2172 Schneiderus
1094 2107 1126 2170 iu
1146 2107 1245 2171 Praei.
1263 2129 1293 2191 p.
1308 2107 1358 2171 Vl.

250 2209 319 2297 quia
345 2211 432 2274 modo
460 2207 551 2298 ῥιζὲοι
582 2207 694 2293 legitur
722 2220 754 2272 et
783 2210 923 2296 νοροὲο,
954 2212 1042 2274 modo
1069 2209 1215 2286 ναολοό,
1248 2212 1360 2274 dubitat

249 2325 350 2380 utrum
371 2313 423 2376 ille
445 2313 588 2387 nomina,
612 2331 687 2395 quae
709 2311 842 2396 legitima
863 2314 895 2376 in
918 2337 988 2380 ειον
1010 2313 1231 2390 terminantur,
1267 2314 1359 2378 corri-

249 2417 349 2505 puerit
371 2417 504 2480 detracta
533 2415 623 2479 litera
650 2419 683 2490 ἑ,
713 2436 752 2479 an
779 2416 896 2482 nativas
924 2418 1035 2480 formas
1058 2413 1183 2504 ῥιζίον,
1206 2415 1357 2498 auctior,

249 2517 401 2607 νοροῖον,
424 2518 475 2582 ubi
496 2517 587 2603 longa
609 2518 726 2604 syllaba
750 2539 824 2602 opus
846 2531 947 2594 essct,
977 2518 1155 2604 produxerit
1180 2519 1357 2604 interposito

249 2623 313 2688 iota
333 2625 458 2712 ῥιζεῑον
480 2632 539 2684 etc.
585 2620 639 2685 Ille
662 2620 816 2705 posterius
833 2623 983 2705 praelcrt3
1007 2625 1094 2687 nohis
1116 2624 1152 2686 dc
1181 2622 1249 2686 aliis
1271 2623 1358 2685 aliter

251 2725 443 2792 statuendum
465 2723 585 2788 videtur
593 2751 604 2802 3
629 2745 697 2787 nam
720 2721 899 2808 σπορμίον,
920 2724 1059 2807 ruscius,
1082 2723 1246 2812 δορπίον,
1277 2736 1356 2788 certe

235 2815 313 2893 'nou
334 2825 538 2911 reperiuntur,
561 2827 613 2890 scd
635 2826 769 2903 herbam,
792 2828 867 2911 quae
887 2829 978 2914 vulgo
1001 2826 1182 2915 ομορνίον,
1207 2827 1357 2891 Nicander

250 2933 440 3017 σμυρνεῖον
466 2939 576 3006 vocat,
610 2920 773 3015 οφήκειον
805 2931 919 3013 (Schol.
944 2939 1121 3019 οφηκεῖον)
1156 2941 1188 2993 et
1216 2921 1355 3016 μυρμή-

251 3054 344 3098 νειον
369 3029 593 3115 phalangiorum
616 3054 729 3116 genera
752 3045 842 3112 suut,
871 3057 996 3120 quorum
1025 3034 1082 3099 hoc
1109 3034 1199 3099 etiam
1218 3029 1354 3121 μύρμηξ
1435 3119 1436 3124 ¹

253 3145 285 3200 et
303 3132 550 3222 μορμνρνοοιδές
573 3133 692 3200 dicitur.

321 3374 366 3440 tt)
384 3367 489 3446 Στῦπη,
507 3381 598 3444 stupa,
627 3377 696 3446 stipa
713 3385 740 3430 et
763 3373 858 3448 οτοιβὴ
875 3377 992 3446 (culcita)
1016 3377 1130 3443 ejusdem
1154 3395 1211 3433 esse
1236 3379 1351 3434 videntur

254 3461 377 3514 familiae.
1303 3465 1305 3472 ’

694 3681 914 3704 ...ι-θ·-
