2930 4872
234 325 307 396 neu
595 327 907 414 nrssnnnurro
928 329 992 396 ιιι.
1111 393 1113 404 ,

237 523 299 586 tur,
322 507 388 574 siue
408 506 446 572 ad
466 507 505 576 τό
527 505 642 600 νόχος,
666 511 743 595 quod
764 506 930 596 Hesychius
953 520 984 575 et
1005 507 1118 574 Sextus
1148 533 1176 576 c.
1204 510 1339 580 Gramm.

236 611 293 676 Xl.
316 609 392 679 267.
422 624 638 690 asseruerunt,
669 623 751 677 certe
779 613 930 678 obsoletae
963 612 1171 678 declinationis
1197 599 1343 693 in‘diciepn

236 715 369 800 praebet.
415 713 558 780 Verbalia
579 735 654 799 quae
675 727 766 792 sunt,
788 717 930 800 pleraque
960 715 997 778 ab
1025 735 1086 778 uno
1108 715 1192 781 fonte
1218 729 1345 784 manant

152 825 155 830 “
236 817 323 883 verbi
351 807 529 905 ζευγνύναι
557 828 592 880 ut
621 811 721 898 ἄζυξ,
748 816 918 898 νυλλίζυξ,
949 809 1154 905 μελονόζυξ,
1177 813 1342 907 πυρόζυξ,

235 917 365 1006 τρίζυξ,
387 917 539 1006 succidui,
575 921 611 985 de
644 921 750 1006 quibus
778 921 930 986 universis
954 922 1057 996 valet,
1088 923 1164 1005 quod
1185 923 1222 988 dc
1245 925 1345 1008 primo

236 1021 363 1088 affirmet
391 1021 576 1108 Phrynichus
603 1021 678 1108 App.
709 1045 739 1107 p.
764 1023 816 1088 12.
847 1018 1020 1104 όζυξ,ἐοτλ
1055 1023 1172 1092 κοινόν
1196 1021 1346 1118 οἷῤῥενος
1373 1023 1378 1034 ’

237 1121 460 1210 νυλθνλείυς.
505 1124 592 1189 Valet
623 1126 701 1190 idem
732 1125 768 1190 dc
796 1121 965 1213 νυτόρυξ,
999 1127 1051 1190 sed
1083 1121 1162 1212 όρυξ
1191 1128 1290 1212 ipsum
1312 1140 1346 1194 et

238 1227 400 1312 composite
427 1221 566 1316 διόρυξ,
606 1220 737 1314 elindeo}
765 1229 832 1293 sive
861 1223 1000 1316 όπιόρυξ
1033 1250 1064 1292 v.
1096 1230 1342 1316 Schweigbanes.

237 1331 275 1396 ad
296 1329 407 1394 Athen.
437 1331 473 1398 d.
498 1329 536 1393 ll.
562 1329 635 1418 179.
666 1332 920 1396 substantivorum
952 1331 1050 1396 locum
1083 1333 1278 1398 obtinuerunt
1308 1345 1345 1399 ut

238 1443 271 1496 et
291 1431 472 1513 νυτοίτυξ,
497 1434 573 1517 quod
595 1432 787 1500 Grammatici
807 1427 877 1500 α’ττό
900 1419 963 1500 τοῦ
990 1425 1081 1500 eclam
1107 1427 1272 1525 τετύχθαι
1299 1437 1346 1501 la·

239 1535 461 1612 mendicent,
492 1557 549 1600 nec
576 1535 705 1619 suppetit
731 1536 912 1619 probabilior
942 1539 1033 1602 ratio.
1084 1537 1242 1622 Adjeetiva
1272 1550 1348 1604 sunt

239 1633 399 1724 οἰνόφλυξ
430 1638 512 1702 stet.
541 1637 623 1736 lllor.
654 1633 766 1702 xvlss.
795 1638 838 1703 34
847 1685 857 1715 ,
882 1637 963 1704 165.
992 1639 1149 1704 lamblieb.
1168 1633 1220 1704 ¹V.
1249 1639 1343 1729 Pytb.

237 1738 482 1825 ΧΧΧ1.(203.)
515 1737 591 1804 416.
622 1739 684 1805 τοῦ
709 1736 910 1828 οἰνόφλυγος
934 1741 1044 1806 Athen.
1069 1741 1208 1808 v522tt.
1232 1742 1269 1806 C.
1295 1763 1347 1808 ce·

238 1846 356 1928 torique
388 1853 503 1918 ca'suse
534 1835 686 1928 πρόςφυξ
717 1842 854 1906 Eustetb.
886 1843 993 1927 Opuse.
1028 1841 1144 1908 XXlV.
1174 1843 1258 1922 218,
1288 1843 1343 1910 16.

238 1943 300 2012 τόν
330 1936 508 2032 πρόςφυγυ
538 1943 651 2008 Hellad.
675 1945 760 2008 Phot.
792 1967 822 2030 p.
850 1944 931 2022 873,
955 1943 1007 2010 39.
1038 1943 1119 2020 τούς
1146 1939 1346 2035 πρόςφυνυς

240 2046 340 2111 Sebol.
364 2047 400 2110 ll.
425 2047 481 2111 lX.
505 2045 580 2112 646.
604 2059 676 2121 τοῖς
699 2042 863 2135 πρόςφυξι
884 2049 984 2113 Schol.
1018 2049 1114 2112 Arist.
1143 2048 1241 2132 Nnbb,
1264 2047 1343 2113 435.

238 2150 293 2214 sed
327 2171 382 2236 pro
410 2145 515 2239 ἰχθόν
541 2143 737 2238 ποιόοφόγυ
772 2150 844 2236 (boe
871 2154 1010 2234 accentu)
1028 2151 1157 2214 -Anecd,
1188 2173 1218 2237 p.
1244 2149 1344 2218 1232.

238 2245 456 2340 παιδοφόνον
484 2243 595 2338 legitur
624 2253 657 2316 in
687 2251 788 2316 Scbol.
821 2253 859 2316 ll.
880 2253 969 2316 XXl.
992 2253 1081 2338 229)
1110 2275 1168 2338 qno
1197 2255 1346 2319 Pindarus

239 2353 520 2442 negeturne.
550 2364 633 2420 cetus
663 2355 868 2420 Andromedae
896 2355 1083 2441 significasse
1112 2357 1250 2438 videturp
1281 2354 1347 2426 τόν

239 2457 447 2547 ψουοίοτυγυ
469 2457 562 2526 Antlt.
585 2450 806 2546 reconciliares
832 2455 1052 2546 νεοδόκρυτοι
1075 2459 1208 2546 Hesycb.
1238 2459 1276 2523 ad
1297 2459 1346 2523 nl·

238 2563 344 2628 timum
366 2553 606 2648 ὀρθριονόνυυξ
627 2560 698 2646 galli
720 2561 877 2647 gallinacei
900 2583 1021 2641 nomen,
1046 2563 1121 2646 qued
1142 2561 1198 2625 vix
1220 2561 1346 2646 dicipe-

242 2676 315 2742 test,
329 2675 429 2729 utrum
443 2685 510 2728 cum
532 2663 652 2728 nomine
675 2663 869 2749 compositum
894 2665 935 2730 sit
955 2676 990 2728 ut
1011 2655 1293 2756 ἀβελτεροκόκκυξ
1314 2674 1348 2730 et

242 2763 495 2856 γωνιοβόμβυξ,
518 2787 558 2830 an
580 2787 646 2830 eum
659 2767 765 2844 verbo,
788 2787 807 2830 a
829 2788 886 2851 quo
907 2766 981 2830 illud
1003 2767 1099 2850 ipsum
1121 2778 1220 2859 ortum
1242 2765 1345 2830 babet.

240 2870 388 2953 Persaepe
416 2877 515 2932 autem
543 2890 635 2932 unum
664 2869 800 2954 idemque
827 2869 1004 2934 vocabulum
1035 2869 1175 2953 utrinque
1204 2865 1346 2952 repetere

206 3012 211 3033 .
238 2971 323 3048 licet,
346 2983 378 3036 et
398 2971 535 3056 proxime
556 2991 574 3035 a
596 2971 718 3040 nemine
747 2983 779 3035 et
799 2971 985 3056 longiuscule
1012 2993 1031 3036 a
1051 2973 1157 3048 verbo,
1181 2972 1268 3056 eujus
1298 2969 1347 3034 rei

237 3073 412 3139 testimonio
433 3085 504 3138 sunt
525 3073 646 3138 nomina
666 3075 700 3137 in
719 3060 772 3149 a}
786 3075 943 3138 exeuntia.
989 3070 1183 3152 Πολυπτιόξ
1200 3068 1307 3162 τόπος
1327 3067 1348 3139 o‘

225 3169 325 3265 ’ἔχων
345 3172 492 3250 πολλούς
516 3177 652 3251 mevinec
672 3175 813 3242 Eustatb.
847 3197 878 3260 p.
901 3173 977 3252 483,
1001 3177 1032 3242 3.
1062 3188 1094 3240 et
1116 3175 1213 3252 1922,
1235 3173 1269 3240 9.
1294 3195 1349 3239 cn-

235 3281 288 3366 jus
309 3288 464 3345 accentum
488 3279 585 3343 minus
606 3281 771 3366 legitimum
795 3280 938 3372 adnotant
959 3279 1072 3344 Anecd.
1096 3299 1126 3364 p.
1153 3278 1247 3344 1191.
1272 3277 1348 3346 πᾶν

239 3375 354 3468 dropace
372 3374 635 3470 μονοσύλλαβον
661 3387 700 3450 ἐν
722 3383 765 3473 τῇ
792 3382 955 3450 συνθέσει
979 3377 1179 3470 α’νυβιβόξει
1200 3378 1263 3448 τόν
1284 3372 1350 3446 τό·

239 3507 315 3564 νον,
338 3481 531 3576 αὐτόχθων,
553 3480 693 3564 τόποις,
726 3481 936 3575 Συμόθρᾳξ,
963 3479 1135 3565 αὐτόιλυις,
1158 3478 1349 3558 cedulam,

171 3631 174 3640 «
206 3636 216 3664 ,
239 3588 349 3684 χορ).
361 3589 424 3656 τοῦ
445 3585 548 3672 πτώξ,
569 3589 845 3662 molemonium
874 3614 919 3655 τε
940 3588 1169 3668 Μέλαινοι,
1198 3607 1275 3672 quae
1296 3607 1350 3651 ne-

238 3701 349 3775 petens
365 3692 467 3779 Etym.
491 3693 533 3758 ltl.
557 3691 638 3770 435,
662 3693 715 3758 35.
740 3704 773 3757 et
792 3691 868 3769 639,
891 3691 944 3758 26.
969 3693 1049 3756 addit
1075 3685 1145 3758 οόυ
1159 3684 1351 3758 ἀντίκειται

238 3790 277 3859 τό
299 3789 474 3882 decedatis.
519 3796 577 3860 Sed
599 3807 703 3867 contra
731 3797 940 3881 exceptionem
975 3789 1092 3870 όπτωξ
1124 3793 1270 3878 scriptum
1299 3801 1350 3856 est

237 3894 352 3961 Anecd.
376 3920 404 3983 p.
431 3897 526 3964 1339.
551 3909 656 3963 contra
676 3897 811 3984 regulam
833 3895 1098 3988 όμφαυοῤῥῶγες
1119 3896 1154 3960 in
1167 3895 1261 3959 Antb.
1276 3893 1344 3958 Pal.
1459 3901 1460 3964 ἶ

239 3994 296 4061 ΙΧ.
319 4021 352 4064 ιι.
366 3999 441 4066 561.
464 4021 519 4088 pro
532 3994 810 4092 όμφυτόρῤυγυς,
838 4021 905 4066 cum
924 4000 1167 4068 eademrccalis
1187 3997 1342 4084 enallage,
1459 3995 1460 4004 ’

307 4222 335 4290 t)
353 4224 450 4279 Similis
468 4227 616 4294 corruptela
634 4227 728 4280 necet.
749 4243 773 4296 p.
795 4225 871 4282 ltus.
890 4222 1042 4299 ucoopcpois
1058 4239 1104 4300 pre
1123 4217 1292 4294 καταφυγεῖν·
