2940 4894
327 309 386 376 nn
417 307 584 380 nourr.
609 307 780 377 monos.
811 309 856 380 o·
870 309 895 374 1.
925 313 953 395 s.
976 311 1010 378 s.
1175 315 1226 388 ns

111 501 309 578 praeceptum
337 489 438 554 Schol.
465 487 501 554 ll.
531 489 555 554 l.
586 509 614 554 c.
644 489 744 558 παῖσα
770 488 940 578 αἰτιατική
965 485 1225 582 μοιὀσύλλαβας

109 592 370 680 ἀποστρέφεται
397 589 462 678 τήν
492 588 621 672 ὀξεῖαν,
660 611 751 676 quare
781 593 871 658 etiam
898 594 991 662 cteta
1021 595 1162 660 scribitur
1193 609 1225 664 et

109 699 205 764 θεῠιι
226 692 293 780 τήν
314 693 415 762 θέσιν
437 715 497 758 scr.
521 693 586 778 τηίι
606 687 693 760 θεόν
713 694 822 760 Arcad.
846 705 875 780 p'.
902 695 981 772 130,
1004 695 1058 762 29.
1089 700 1223 781 quamvis

109 801 211 863 acutis
235 797 430 861 nominativis
442 799 502 873 ²⁴).
535 795 593 862 Sed
615 796 770 878 quaeritur
790 807 933 862 accentus
956 799 1151 877 nominativi,
1174 777 1226 886 qni

110 903 202 966 modo
221 901 275 973 λῖς
293 898 435 964 scribitur
451 897 576 966 Hesiod.
590 897 674 962 Sout.
692 897 765 964 172.
790 899 853 978 (uhi
868 898 945 964 Ven.
963 897 1027 983 tta)
1050 911 1081 966 et
1095 901 1224 968 Theocr.

110 1001 220 1069 XXV.
240 1001 317 1071 202.
337 999 414 1066 211.
434 999 510 1065 232.
536 1000 601 1064 sive
623 1001 691 1074 λεῐς
714 1000 792 1066 Gell.
812 999 850 1072 N.
870 1002 907 1066 A.
929 1001 1012 1072 Xlll.
1034 1001 1068 1082 7,
1089 1003 1120 1070 5.
1146 1005 1226 1070 sicut

110 1104 312 1170 Aristarchus
334 1101 403 1193 (ἱείς
426 1112 456 1168 ct
476 1099 553 1176 θείς
573 1102 733 1188 scripsisse
756 1103 865 1168 dicitur
886 1104 987 1189 Etym.
1013 1103 1089 1170 Gud.
1113 1128 1143 1192 p.
1168 1107 1223 1187 30,

110 1205 167 1272 48.
200 1207 315 1290 magis,
345 1215 435 1288 puto,
466 1204 622 1289 prosodiae
644 1225 734 1270 causo
760 1206 809 1285 (ut
828 1207 970 1294 χριῖσαι)
997 1225 1083 1290 quem
1105 1221 1226 1294 propter

111 1321 220 1396 styma
242 1309 274 1371 in
296 1306 408 1373 scholis
429 1307 536 1370 tradita
558 1309 631 1395 ῥεῖν
654 1317 685 1370 et
699 1313 794 1386 θεῖα,
813 1308 902 1374 modo
921 1307 1012 1404 etiam
1028 1307 1080 1382 tte
1095 1309 1224 1380 Theocr.

111 1411 202 1475 Xlll.
227 1408 282 1474 111.
307 1420 338 1472 et
359 1407 412 1473 62.
438 1409 561 1494 Oppian.
586 1409 664 1494 Cyn.
690 1407 741 1470 lV.
765 1405 818 1472 80.
843 1409 874 1472 in
897 1409 1126 1490 Theodotionis,
1150 1435 1225 1498 quac

111 1514 229 1580 dicitur
249 1511 393 1576 versione
412 1511 478 1574 Job.
498 1511 550 1574 lV.
571 1509 622 1574 11.
648 1511 743 1574 Oscae
759 1509 797 1572 V.
821 1509 873 1576 14.
899 1509 1027 1596 Gregor.
1047 1513 1146 1578 Carm.
1167 1515 1223 1580 IX.

111 1639 143 1702 p.
171 1614 227 1680 79.
251 1615 286 1678 Β.
317 1613 402 1676 Xlll.
427 1635 454 1697 p.
480 1611 534 1677 88.
560 1612 595 1678 C.
625 1613 695 1676 LX.
719 1609 793 1678 139.
816 1613 854 1675 Α.
887 1613 971 1678 snit.
995 1636 1022 1678 s.
1047 1615 1078 1678 h.
1101 1638 1133 1680 v.
1164 1627 1223 1680 ete.

112 1740 246 1802 quorum
273 1716 347 1780 illud
373 1715 510 1799 prohavit
529 1715 674 1780 Aeschrio
701 1715 753 1788 tte
779 1716 932 1792 scribens,
964 1717 1089 1802 primum
1114 1729 1148 1782 ut
1170 1718 1226 1782 hoc

113 1832 246 1886 accentu
269 1818 462 1882 diduceretur
485 1818 521 1882 ah
543 1817 690 1901 adjectivo
711 1815 778 1897 λίς,
810 1817 916 1882 deinde
939 1831 1060 1903 propter
1080 1821 1227 1886 accusati-

113 1945 190 1989 vum
213 1923 282 2002 1ῑιι,
304 1941 427 2006 quarum
448 1919 599 1984 redonum
621 1919 704 2004 prior
724 1941 827 2005 parum
849 1920 964 1996 valida,
992 1922 1088 1987 altera
1110 1923 1227 1988 levissi-

113 2048 167 2093 ma
196 2035 256 2090 est.
300 2023 493 2086 Aristarchus
521 2033 620 2085 antem
648 2019 699 2096 λίς
727 2022 904 2088 assimilavit
931 2025 976 2110 epi
1005 2022 1056 2098 nic
1082 2024 1139 2092 net
1165 2023 1249 2100 θίς·

112 2129 173 2196 ecl
196 2117 265 2216 dle,
290 2122 457 2212 καίτοιγε
480 2119 646 2212 διαφόρως
667 2126 813 2192 utiocto
834 2124 918 2212 πρὸς
938 2123 977 2192 ud
997 2125 1048 2201 tta
1062 2127 1126 2212 ²⁵),
1151 2148 1226 2210 quac

114 2230 290 2298 differentia
318 2250 379 2292 non
406 2227 543 2318 pertinet
558 2229 594 2290 ad
615 2225 676 2302 ιιίς.
720 2227 809 2312 ldque
838 2249 928 2294 uuum
957 2231 994 2292 ad
1022 2229 1227 2314 probationem

115 2335 257 2408 confert,
289 2331 394 2416 quippo
419 2341 450 2394 et
471 2349 583 2416 genere
608 2340 639 2394 et
663 2329 860 2394 declinatione
889 2341 920 2394 et
945 2332 1057 2396 vocalis
1079 2331 1228 2396 mutahili-

116 2449 183 2502 tate
197 2435 247 2518 ²⁶)
270 2455 336 2498 cum
356 2430 407 2506 λίς
427 2433 561 2528 perlecto
582 2447 770 2514 congruens3
800 2453 836 2496 ac
855 2431 950 2496 miror
969 2453 1023 2496 eor
1035 2432 1228 2502 Aristarchus

118 2561 183 2603 non
205 2537 301 2602 satius
322 2535 445 2600 duxerit
469 2533 525 2598 hoc
548 2555 607 2598 uuo
630 2533 686 2598 niti
707 2533 871 2608 vocabulo,
902 2535 987 2618 cujus
1009 2545 1150 2598 accentus
1172 2535 1232 2601 mis

118 2643 202 2706 nime
226 2649 439 2704 controversus
461 2637 607 2720 erot²⁷)‚
638 2656 724 2718 quam
751 2635 924 2700 dicatalecta
948 2636 1002 2700 illa
1025 2637 1058 2702 in
1080 2636 1227 2702 auxilium

116 2763 251 2819 vocare,
288 2761 365 2825 quac
388 2759 407 2804 a
430 2735 481 2812 tte
504 2739 620 2804 tantum
645 2737 773 2816 distant,
804 2749 945 2823 quantum
972 2730 1059 2814 πούς
1086 2759 1105 2804 a
1130 2739 1227 2826 flotin.

188 2990 236 3052 nt)
252 2987 308 3042 Mul
322 2983 372 3052 adv
386 2983 453 3041 Zeis
468 2987 569 3052 legitur
583 2987 610 3038 in
624 2986 789 3040 Aeschrionis
806 2987 907 3050 iambis,
926 2989 973 3040 scd
990 2989 1121 3056 scripturn
1138 3003 1227 3055 parum

120 3084 198 3129 certe
216 3081 265 3126 est.

191 3160 238 3227 et)
256 3157 289 3212 V.
309 3158 402 3214 Iichrs.
420 3160 451 3214 de
468 3158 614 3214 Aristarch.
633 3176 660 3226 p.
674 3160 734 3217 266.
754 3160 909 3212 Eustnthius
926 3176 1063 3227 pronomen
1079 3163 1120 3216 sle
1137 3159 1228 3224 adjun-

120 3249 176 3316 git,
196 3263 243 3314 pro
261 3262 311 3313 quo
330 3245 481 3314 Spitancrus
499 3247 532 3302 ud
549 3245 579 3302 ll.
595 3244 641 3301 IX.
658 3247 719 3302 239.
739 3247 761 3300 t'r
778 3247 903 3299 substitui
917 3247 994 3312 jubet
1011 3255 1042 3298 ut
1059 3247 1160 3318 nptius;
1184 3245 1230 3300 sed

121 3342 214 3401 aptum
234 3339 274 3382 est
294 3339 424 3384 nentrum.
461 3331 490 3382 ln
513 3331 614 3385 scholio
638 3332 688 3388 isto
711 3329 750 3397 τῷ
772 3327 973 3405 χαρακτῆρι-
989 3329 1107 3386 sinicius
1129 3331 1231 3387 lahornt

123 3419 269 3488 paullulum
287 3418 455 3470 constructio.

193 3505 241 3572 to)
264 3504 307 3555 Sic
324 3505 390 3554 enim
408 3505 529 3554 docemur
545 3501 641 3555 Anccd.
661 3519 685 3569 p.
707 3467 785 3554 1194.)
807 3503 861 3553 iotn
879 3503 1006 3553 nominum
1023 3500 1064 3556 ils
1081 3509 1108 3552 et
1124 3501 1163 3553 uls
1186 3515 1229 3552 utt-

124 3593 250 3646 tonaliter
273 3592 375 3654 lonpum
393 3603 466 3649 esse,
491 3590 535 3640 sed
553 3589 648 3654 corripi
672 3589 698 3638 in
718 3594 805 3640 tractu
828 3595 855 3638 et
873 3587 1042 3638 declinatione
1059 3603 1105 3653 pro
1122 3585 1232 3637 arbitrio

125 3686 260 3746 poetarum
278 3693 305 3732 v.
322 3674 437 3734 Moinek.
453 3676 485 3730 nd
502 3675 616 3742 Euphor.
636 3689 661 3740 p.
682 3672 724 3726 78.
751 3674 818 3741 quod
837 3675 858 3724 si
877 3687 968 3724 verum
989 3681 1043 3734 est,
1069 3673 1096 3722 in
1116 3685 1232 3726 sermone
1326 3743 1328 3748 Ι
1447 3713 1448 3716 ,

126 3766 212 3819 soluto
234 3765 288 3818 ιιῖει
308 3763 398 3830 potins¹
412 3761 574 3820 scribendum
597 3775 673 3832 quam
695 3756 990 3826 contemnamus.
1011 3757 1049 3812 Pl.
1070 3756 1115 3812 lV.
1137 3758 1188 3820 15,
1203 3760 1230 3812 l.

200 3865 241 3900 on.
280 3885 286 3898 .
307 3847 322 3899 7
343 3885 349 3898 .

126 3851 241 3998 mhi)
261 3864 295 3984 ln
319 3850 414 3986 ilustris
439 3941 510 3984 certe
533 3934 608 3986 lihris
631 3933 711 3984 multo
735 3931 838 3996 saepius
861 3931 901 3983 alr
924 3928 1056 3980 invenitur
1081 3944 1157 3996 quem
1181 3923 1233 3994 ιἰἵσ,

127 4021 192 4089 quod
212 4017 387 4084 Goettlingius
405 4020 522 4087 preelert
538 4020 569 4070 de
586 4019 692 4071 Accent.
713 4033 737 4083 p.
757 4017 816 4072 242.
842 4031 988 4083 repugnans
1007 4017 1060 4066 illis
1079 4014 1232 4067 Grammati-

122 4122 217 4160 corum
232 4105 402 4167 testimoniis,
424 4107 470 4172 qui
488 4113 621 4158 accentum
640 4103 749 4156 obsoleti
764 4097 805 4156 ils
821 4100 970 4168 conjectura
988 4102 1162 4172 quaerebant,
1188 4100 1245 4158 sed

126 4191 364 4262 pronunciationem
382 4191 473 4244 minti
490 4194 532 4248 alt
549 4190 656 4244 nuribus
673 4195 848 4260 perceperunt.
