2848 4884
252 373 325 442 598
597 369 913 437 ntssttttrnsto
934 371 998 438 Vb.

251 546 398 631 ξύνεται,
421 553 560 640 ἔρημος,
583 551 698 640 inpos,
721 552 771 636 qui
793 551 851 619 boc
870 571 933 618 uso
953 571 1011 617 nos
1030 553 1171 640 exemplo
1183 554 1340 641 iocupletio-
1395 635 1396 640 γ

251 677 303 722 res
324 655 423 720 reddit
443 656 496 719 sed
517 675 621 740 porum
638 655 755 730 utibibi,
779 655 846 739 (puis
874 668 908 720 et
928 667 1034 722 auctor
1054 657 1129 721 latet
1156 669 1188 722 et
1206 659 1339 743 significu-
1395 693 1396 746 p

252 761 313 836 tio;
341 750 442 844 ῑημός
463 779 517 843 pro
546 759 635 842 ἴαμα
661 768 694 820 et
715 753 816 846 ιἠμός
847 781 903 844 pro
929 753 1005 846 ἦμα
1029 759 1080 844 (nt
1099 752 1193 846 btp'cspc
1219 760 1341 848 αοξότης

251 861 400 948 Hesycb.)
421 860 530 926 alicubi
551 860 629 924 dicto
652 879 721 923 esse
744 882 806 923 non
829 873 947 928 constet
969 883 1067 946 neque
1089 865 1232 930 convenit
1249 887 1341 928 acoen-

250 975 312 1040 tus‚
335 965 492 1049 potiusque
513 981 624 1025 nomen
645 962 798 1046 proprium
820 976 890 1038 est,
917 965 991 1028 ittut
1013 966 1143 1028 fortusse
1163 969 1238 1048 quod
1259 967 1342 1031 Theo

132 1066 143 1086 ¹
250 1077 375 1152 gnostus
397 1065 486 1129 affert
506 1065 621 1128 Anecd.
646 1064 748 1128 Cmm.
775 1064 814 1128 bl.
838 1064 893 1130 dt.
943 1063 996 1134 To*
1012 1063 1067 1133 dcci
1083 1055 1341 1156 corifi—succindi

250 1165 312 1236 cuin
324 1174 417 1235 ἔστιν
429 1164 542 1256 εὑρεῖν
552 1171 583 1234 εἰ
591 1162 643 1254 μα’
660 1164 700 1232 τὸ
713 1171 840 1254 ἔρημος
851 1165 1105 1258 καὶτὸΚέημος
1117 1164 1339 1257 ὄνομανήσου·

249 1274 334 1358 eujus
355 1281 509 1335 auctorem
531 1291 593 1334 nou
614 1281 746 1353 praesto.
790 1270 854 1334 Nec
868 1272 999 1336 certiora
1015 1284 1087 1338 sunt
1102 1295 1177 1357 quse
1192 1275 1342 1362 Hesychius

135 1439 143 1470 ἱ
249 1375 379 1460 suppetit
399 1371 537 1460 Λίημος
562 1371 750 1458 Ψάμαθος,
779 1366 933 1459 Δαιημός
962 1373 1123 1460 διαίρεσις
1154 1388 1187 1439 et
1209 1377 1342 1441 contrariu

246 1488 373 1542 occentu
394 1475 528 1563 Δέημος
549 1468 657 1561 νόμος
680 1471 705 1560 ἢ
733 1469 876 1562 δεσμός,
906 1497 982 1560 quae
1004 1477 1225 1542 Valckenarius
1245 1479 1276 1542 in
1293 1481 1342 1542 bu-

247 1591 325 1644 σαι.
353 1581 387 1643 iu
419 1576 572 1665 δαϊθμός
603 1587 635 1641 et
663 1571 795 1663 δεθμός
827 1580 938 1642 mutari
966 1581 1064 1666 jubet.
1119 1581 1196 1644 Tum
1218 1578 1342 1668 Op'ppoo

248 1685 374 1771 ἔθιμος
394 1694 427 1746 et
448 1678 605 1768 Θηήμων
625 1678 779 1766 dobner,
802 1681 912 1746 vitiosa
932 1693 1004 1765 puto
1026 1703 1080 1766 pro
1097 1677 1276 1770 Ἐθημας,
1296 1703 1342 1766 quo

245 1785 362 1870 aliquos
388 1805 443 1869 pro
464 1781 610 1874 ἐθήμαν
628 1803 700 1846 usos
722 1803 790 1846 esse
812 1783 981 1848 inducimur
1002 1786 1062 1850 ebio
1086 1786 1178 1872 bnjns
1200 1785 1342 1871 puruscbe·

245 1888 377 1951 motismi
399 1887 538 1972 exemplo
558 1881 712 1972 θελημός
733 1896 765 1950 et
785 1883 974 1972 ἐθιλημός,
1000 1888 1051 1950 cui
1073 1891 1199 1952 tertium
1227 1887 1342 1974 adjuup't

245 1988 348 2075 Etym.
378 1989 422 2054 Μ.
445 1987 527 2065 444,
552 1987 605 2053 54.
640 1992 676 2054 dx
706 1988 770 2054 τοῦ
795 1981 930 2074 θελήσω
957 1987 1089 2078 γίνεται
1113 1985 1285 2077 θελησμός
1308 1986 1341 2062 o‘o

243 2084 421 2180 μελησμός
443 2091 500 2158 καὶ
517 2083 690 2179 μιλημός,
719 2093 816 2182 quod,
845 2092 904 2156 nisi
934 2093 1059 2177 imparia
1083 2093 1279 2179 comparavit,
1298 2111 1340 2175 pro

245 2187 414 2282 μελήμων
436 2197 602 2279 accepim).
646 2193 687 2258 Et
715 2187 755 2260 ne
783 2213 835 2258 res
857 2194 914 2259 boc
937 2196 1021 2262 tenui
1044 2195 1094 2260 fibo
1116 2198 1259 2280 pendeat,
1279 2193 1340 2278 apud

244 2297 454 2383 Hippocratem
481 2297 594 2382 legitur
628 2294 817 2386 ἐπίστημος
847 2299 952 2365 ἕσασα
990 2295 1060 2366 τῶν
1093 2297 1338 2388 ἐπιγενομένων,

243 2401 321 2486 quod
349 2400 482 2465 Galenus
510 2400 544 2464 in
566 2399 667 2464 Gloss.
696 2401 915 2484 interpretetur
942 2394 1158 2488 ἐπιστατιιιή,
1190 2391 1338 2488 ἐφεκααή,

242 2502 482 2588 vulgatissimum
503 2496 721 2590 ἐπιστήμων,
744 2504 772 2567 si
794 2502 847 2568 ibbo
870 2501 936 2566 boco
958 2504 1108 2588 legisset,
1140 2505 1196 2570 vix
1217 2505 1338 2568 observo

243 2606 325 2671 tione
348 2608 498 2692 dignatus.
544 2607 589 2670 De
618 2616 745 2670 accentu
777 2616 877 2670 autcm
906 2605 995 2692 hujus
1028 2607 1110 2672 devii
1145 2617 1178 2672 et
1211 2601 1337 2670 monnio·

245 2711 367 2793 generis
388 2710 468 2774 malo
491 2709 567 2772 nibil
589 2709 690 2773 dicere
714 2729 801 2794 quem
822 2727 938 2794 perum.

756 2896 785 2979 s.
808 2895 841 2960 ι.

326 3015 430 3081 Adbuc
450 3015 708 3102 praetermisimus
729 3017 823 3082 verbu
847 3014 978 3100 liquido,
1007 3015 1087 3079 unde
1110 3035 1188 3101 qssne
1209 3031 1334 3100 progene·

241 3127 348 3182 rantur
367 3120 572 3195 substantiva,
609 3131 643 3184 ut
670 3119 862 3205 penultimum
885 3117 1035 3202 positione
1061 3119 1183 3203 longam
1210 3117 1332 3186 babeant,

241 3241 292 3286 res
314 3222 378 3305 ipsa
400 3223 493 3307 cogit,
501 3217 666 3324 αγαλμα,
686 3216 856 3310 αγγελμα,
880 3216 1025 3308 ὄφελμα,
1048 3219 1225 3308 ποίκιλμα,
1248 3212 1332 3299 d'dop·

240 3345 303 3422 μα.
348 3324 405 3387 Sed
433 3303 545 3388 mordm
576 3326 706 3389 afferunt
736 3325 892 3407 ancipites,
923 3343 999 3406 quse
1036 3337 1194 3387 accentum
1224 3321 1329 3384 hubent.

240 3425 316 3495 Num
340 3449 428 3512 quum
449 3449 504 3512 per
524 3427 618 3492 multa
639 3427 759 3493 saecula
780 3423 905 3515 κύρμα,
929 3423 1082 3512 medone,
1107 3426 1232 3516 σύρμα,
1255 3415 1330 3486 scribi

240 3530 362 3612 sobitum
385 3540 477 3606 esset,
503 3552 599 3614 nuper
628 3541 660 3594 et
687 3529 739 3594 clii
761 3541 792 3594 et
813 3530 921 3593 sollers
939 3530 1094 3613 prosodiae
1117 3543 1320 3614 greecueu
1262 3523 1330 3587 indc-

240 3642 328 3716 gutor
349 3633 519 3714 Pessovius,
542 3633 804 3718 properispomena
825 3632 1022 3712 invexerunt,
1045 3653 1143 3716 neque
1161 3632 1232 3695 baec
1248 3625 1329 3690 sobuu

241 3733 294 3813 'sed
317 3736 406 3798 etiem
429 3758 503 3820 quae
534 3757 552 3799 e
575 3736 712 3801 verbis
703 3756 736 3798 ιιι
757 3745 868 3798 mutem
900 3735 1104 3799 desinentibus
1130 3734 1268 3818 originem
1289 3727 1329 3788 bt·

239 3836 312 3929 beot
332 3838 418 3902 velut
438 3851 585 3926 πνῖγμα.
634 3837 746 3918 Quibus
762 3837 953 3901 dissentanea
966 3845 998 3901 'et
1012 3837 1222 3924 repugnantia,
1240 3825 1328 3912 θλίμ·

238 3963 309 4030 μα,
329 3938 465 4028 μίγμα,
487 3939 640 4029 τρίμμα,
671 3938 809 4028 φύρμα,
841 3941 959 4005 etiamsi
980 3941 1058 4004 idem
1079 3941 1147 4004 sine
1168 3948 1237 4004 ncta
1255 3949 1326 4019 prbe·

274 4176 301 4245 b)
320 4175 407 4246 etym.
427 4177 461 4230 bb.
479 4173 628 4248 Ἀλδῆμιοι
652 4175 669 4234 o‘
688 4175 755 4235 zebe
771 4175 802 4234 ἕν
819 4171 1019 4252 Γάζῃ-παριῖ
1031 4175 1064 4232 ιδ
1085 4173 1213 4242 ἅλδαίνω,
1228 4175 1322 4236 brtsrpb·

239 4264 291 4316 sito
307 4261 418 4316 fortusse
436 4265 536 4318 nomine
552 4260 682 4337 ἄλδημος,
698 4267 766 4335 quod
782 4283 841 4322 cum
856 4261 1009 4338 βλέπημαε
1027 4267 1147 4321 conciuit.
