2926 4886
237 339 309 410 918
588 339 905 408 blSSElll'dTIO
932 341 998 410 lll.

237 521 407 608 Epicharm.
430 519 542 586 Athen.
566 519 618 585 lll.
642 519 718 588 121.
741 521 776 586 Β.
807 516 1010 610 α’νόοτιμοο,
1034 519 1293 613 παλινόοτιμος,
1320 550 1337 595 ι

237 625 344 712 quibus
372 623 491 688 secerni
519 634 653 708 oportet,
687 645 762 709 quoe
789 625 949 709 primitivis
970 637 1084 691 carent
1111 637 1145 692 ut
1170 623 1338 716 α’δόκιμος,

235 721 472 817 προςδόκιμος,
494 724 714 812 ἐμποίνιμος,
735 719 977 815 ν’περβόλιμος,
1001 749 1134 814 quaeque
1152 742 1254 816 aperte
1275 753 1338 797 cum

236 830 419 914 simplicibus
449 827 611 912 composita
641 839 713 892 sunt
744 839 779 893 ut
808 825 906 898 αὐλοὶ
935 831 1054 898 τέλειοι
1073 867 1119 882 -·
1138 831 1340 918 ὑπερτέλειοι
1442 869 1446 878 ’

97 1006 99 1010 ,
235 932 347 997 Atben.
370 931 454 994 XIV.
479 929 554 994 ott.
580 929 615 992 F.
645 941 698 993 ant
721 951 740 996 a
764 934 934 1017 compositis
961 934 1096 1000 derivata
1123 947 1157 999 ut
1181 927 1339 1021 όναπόμ

229 1057 343 1121 πιμορ
364 1044 395 1098 et
417 1023 655 1119 διαπόμπιμος
676 1033 712 1096 ab
734 1027 940 1122 οἶναπομπή,
963 1029 1185 1122 φιλαπλοϊκός
1206 1059 1224 1101 a
1245 1029 1340 1124 φιλό·

233 1140 354 1211 πλους.
389 1136 543 1200 Postremo
565 1134 623 1199 huc
643 1136 773 1200 referam
796 1137 1003 1212 ἰοοτέλοοτος
1024 1161 1078 1224 pro
1100 1133 1262 1226 ἰσοτελής,
1281 1163 1340 1207 τοι·

233 1233 747 1332 χνβόδιστος,’χρυσεοπόνητος,
762 1239 1023 1327 μολιπτόρατος,
1042 1239 1251 1330 φιλαρείτρς,
1267 1265 1343 1338 μοι·

122 1364 125 1372 ,
234 1336 432 1430 pompm,
451 1332 753 1429 αωμῳδοποιητής,
772 1337 1014 1430 μικραδικητής
1036 1345 1205 1430 ⁰PP⁰Sil¹¹ffl
1222 1343 1267 1437 ‘lis’
1284 1369 1341 1432 111·

1445 1553 1451 1852 l

233 1443 414 1552 χαλόδμιος
434 1443 562 1512 Aristot.
586 1442 674 1511 utet.
698 1441 736 1510 ll.
762 1443 815 1513 17.
839 1467 869 1534 p.
894 1443 997 1524 1396,
1020 1445 1075 1513 29.

606 1708 607 1714 v
745 1632 774 1716 6·
797 1631 830 1698 ⁸·

320 1753 461 1840 Sequitur
481 1753 556 1816 trias
577 1751 732 1816 nominum
753 1752 786 1816 in
805 1737 869 1827 bui-r
889 1754 1133 1820 terminatorum.
1179 1754 1224 1820 Ab
1246 1745 1342 1828 ddodc

233 1869 266 1924 et
291 1859 390 1922 ionico
416 1850 507 1930 ,όδοόν
533 1851 667 1938 procedit
694 1854 803 1939 duplex
829 1856 925 1920 forma
949 1858 1185 1942 adjectivorum,
1219 1877 1340 1943 quorum
1446 1916 1449 1939 p

234 1961 379 2027 nonnulla
403 1977 458 2043 pro
482 1955 676 2022 substantivis
698 1949 1038 2044 υοίοο1,“μονόδοος,
1062 1953 1268 2048 μυριόδους,
1290 1983 1341 2026 οι-

231 2058 343 2133 νόδων
371 2061 436 2126 sive
464 2055 617 2126 συνόδων
639 2059 765 2126 Aristct.
791 2058 830 2122 H.
853 2061 935 2125 Ann.
959 2061 1039 2126 Vlll.
1063 2063 1096 2128 2.
1129 2065 1182 2150 qui
1209 2060 1297 2148 piscis
1322 2082 1341 2126 a

189 2207 197 2218 -
232 2167 354 2231 Polluce
376 2155 541 2236 συνόδους
563 2173 707 2242 vocatur3
742 2157 881 2249 ἐριόδαν
902 2161 922 2230 ό
941 2157 1111 2253 μεχόλουο
1138 2171 1226 2257 ἔχων
1246 2161 1341 2232 όδόν·

183 2327 200 2355 ρ
230 2292 293 2342 τας
314 2265 445 2354 Hesycb.
469 2267 633 2330 secundum
656 2265 791 2330 ordinem
814 2266 970 2330 literarum
997 2267 1030 2330 in
1056 2261 1206 2354 ἐριιόδων
1233 2267 1339 2332 ποτικοί

115 2378 134 2395 “
185 2356 204 2386 ³
232 2381 361 2456 oportet.
408 2369 465 2433 Sed
487 2368 643 2452 utriusque
665 2368 886 2432 terminationis
907 2369 1067 2434 discrimen
1092 2371 1298 2456 qualecunque
1320 2391 1339 2433 a

230 2471 385 2538 nonnullis
411 2469 554 2535 traditum
583 2489 649 2534 esse
676 2481 799 2555 apparet
825 2491 867 2534 ex
888 2471 1141 2537 admonitionibus
1165 2471 1339 2538 Grammati-

231 2597 356 2651 corum3
393 2572 581 2660 Phrynichus
610 2571 685 2657 App.
710 2569 764 2638 58.
797 2566 962 2658 προόδων
988 2571 1012 2659 ἦ
1039 2575 1242 2666 προέχουσα
1263 2570 1340 2648 code

229 2669 371 2750 ὀδόντας
394 2675 452 2742 καὶ
475 2675 532 2742 ἐπὶ
552 2674 614 2741 τοῦ
636 2669 798 2764 obripienter·
829 2687 862 2741 et
882 2677 958 2742 Poll.
982 2673 1021 2740 ll.
1044 2675 1098 2742 96.
1112 2675 1152 2744 ’ὅ
1173 2674 1341 2768 προύχον-

228 2805 299 2854 τας,
318 2783 403 2868 ἔχων
424 2773 505 2856 code
533 2767 674 2851 όδόντας
700 2780 851 2846 volutum
872 2770 1055 2866 προόδων·
1091 2781 1153 2848 καὶ
1174 2777 1339 2867 προόδονς

229 2885 287 2954 ἐπὶ
306 2879 481 2969 θηλυκόν.
517 2881 561 2944 De
584 2901 696 2964 genere
719 2893 827 2946 neutro
850 2903 906 2946 nos
928 2883 1034 2946 edocet
1051 2881 1159 2970 Etym.
1181 2885 1246 2948 MS.
1265 2883 1339 2948 ller-

228 2986 331 3053 manni
354 2986 389 3048 de
411 2983 478 3047 Em.
504 2982 637 3047 Gramm.
661 3006 690 3069 p.
714 2983 769 3050 28.
800 2979 843 3050 τό
860 2977 1090 3073 καρχαρόδουν
1117 2986 1178 3053 καὶ
1195 2979 1337 3073 ιτιμκόαν

228 3085 297 3159 όπδ
318 3086 381 3154 τοῦ
402 3076 610 3175 ιιαρχαρόδον
635 3086 693 3153 καὶ
712 3085 836 3173 τιμῆεν
857 3086 974 3174 pipere
996 3083 1083 3154 κατό
1105 3079 1336 3174 πλεονασμόν.

228 3195 306 3260 llinc
324 3191 466 3274 estquod
486 3209 539 3272 pro
557 3185 788 3278 καρχαρόδουν
806 3189 863 3258 καὶ
879 3181 1081 3278 χαόλιόδουν
1101 3189 1191 3269 ζῶον
1208 3191 1334 3254 Aristot.

227 3298 264 3361 de
286 3295 368 3358 Part.
392 3291 472 3355 Ann.
496 3290 548 3354 lll.
574 3289 605 3354 1.
635 3313 664 3376 p.
689 3289 772 3368 661,
794 3291 849 3358 28.
881 3313 956 3376 quae
979 3292 1179 3358 Buttmannus
1204 3293 1334 3358 Gramm.

228 3401 256 3484 5.
280 3395 339 3477 63,
362 3393 396 3461 2.
425 3395 576 3458 incassum
598 3403 765 3482 suspectat,
795 3393 863 3458 libri
886 3394 1023 3458 nonnulli
1045 3396 1191 3478 praebent
1212 3419 1337 3486 καρχα-

225 3499 327 3592 ρόδον
355 3497 412 3565 καὶ
432 3488 628 3586 χαυλιόδον·
664 3505 696 3560 et
716 3495 808 3581 vulgo
831 3497 944 3583 legitur
969 3495 1009 3564 τό
1030 3489 1203 3582 ἄμφοδον
1227 3497 1278 3562 lll.
1301 3497 1335 3564 2.

225 3627 256 3689 p.
273 3601 348 3682 663,
365 3599 418 3666 36.
444 3599 493 3664 ubi
514 3599 597 3662 codd.
618 3591 790 3684 ἄμφοδον,
812 3601 865 3666 sed
882 3598 921 3668 τό
939 3594 1171 3688 καρχαρόδουν
1192 3601 1335 3666 Philostr.

138 3705 139 3712 '
224 3707 264 3773 V.
283 3707 339 3791 Ap.
357 3702 409 3768 lV.
427 3700 482 3778 38,
502 3697 575 3764 178.
599 3700 727 3765 Aristot.
743 3701 781 3766 H.
797 3701 878 3768 Anu.
897 3701 936 3766 ll.
953 3701 1008 3770 29.
1033 3724 1089 3787 quo
1108 3703 1176 3769 loco
1197 3704 1231 3768 in
1251 3703 1334 3768 codd.

224 3797 433 3897 ναρχαρόδον
455 3815 487 3870 et
507 3793 723 3892 καρχαρόδαν
744 3805 888 3891 scriptum
909 3791 1084 3884 invenitur3
1108 3805 1147 3874 τό
1165 3801 1337 3895 α’-μφιόδον

152 3939 155 3950 ·
224 3911 301 3995 apud
323 3908 449 3972 eundem
472 3905 650 3989 compluries
677 3928 709 3970 v.
732 3906 867 3972 Addend.
895 3899 1070 3984 όξυόδοντι
1088 3909 1207 3998 γενείῳ
1231 3910 1332 3978 Noun.

223 4013 292 4078 XL.
310 4009 385 4074 484.
406 4005 523 4076 ,Neutri
540 4008 663 4091 pluralis
682 4008 756 4074 baec
773 4008 914 4074 habemus
932 4011 1087 4096 exempla:
1108 4005 1336 4102 χαυλιόδοντοι

222 4113 370 4206 γένεθλα
387 4111 510 4196 Oppian.
527 4111 605 4197 Cyn.
622 4110 648 4176 ll
666 4156 674 4172 .
692 4109 725 4175 6.
747 4109 789 4178 τό
806 4108 1058 4200 καρχαρόδοντα
1072 4113 1110 4192 ll.
1127 4115 1204 4182 262.
1224 4115 1332 4180 Galen.

170 4207 171 4210 ¹
223 4221 260 4286 de
278 4217 340 4286 Usu
355 4217 438 4284 Part.
455 4212 512 4278 Xl.
530 4213 565 4290 2,
583 4211 658 4280 588.
709 4234 726 4278 e
792 4213 855 4282 .tt.
874 4214 1029 4286 Aumlll.
1047 4213 1336 4288 37.’πολνόδονοι

1349 3034 1357 3054 ’

1439 3568 1446 3587 ,
