2926 4886
31 259 34 281 Ι
239 329 309 398 roo
486 419 488 422 Ι
601 318 998 448 messuramorp

237 517 358 574 retenta
379 504 497 592 quidam
519 523 605 582 esse,
635 504 688 568 sed
709 502 752 566 ita
773 513 809 568 ut
827 503 861 568 in
882 503 985 590 paucis
1007 504 1226 570 consisteretur
1247 527 1354 572 exem-

237 611 307 698 plis.
349 607 442 694 Cujus
464 606 585 692 generis
607 617 680 672 sunt
700 607 889 672 substantiva
910 608 1049 692 superius
1071 607 1162 671 allata
1183 605 1267 690 daia,
1289 607 1355 696 aip-

236 719 321 794 παξ,
350 703 498 799 φραδής,
522 699 670 795 ψευδής,
700 719 732 774 et
753 730 828 794 quae
850 710 918 774 aliis
944 710 1019 774 loois
1041 709 1236 776 tractavimus
1257 713 1356 802 μνῆ-

236 837 327 896 στις,
348 813 458 904 χῆτις,
479 811 587 898 θέτης
611 831 643 874 v.
668 793 798 876 hissera.
822 811 875 877 Vl.
892 814 928 900 5.
955 811 1007 878 10.
1052 811 1157 898 Neque
1180 823 1281 879 tamen
1303 817 1354 880 in·

235 919 369 984 fitiamur
395 927 501 1002 poetae
529 915 619 980 alioui
641 915 721 980 forte
748 913 781 978 iu
802 926 934 980 mentem
962 915 1083 982 venisse
1109 938 1163 1002 pro
1185 916 1259 980 trito
1282 943 1355 984 aro-

236 1012 362 1112 dapaap'a
391 1017 557 1084 inauditum
586 1009 694 1093 πόδας
724 1013 829 1108 olearia
857 1018 1059 1099 substituere,
1099 1041 1154 1104 pro
1184 1014 1354 1107 διηνεκής,

30 1133 35 1141 “
123 1194 127 1202 l
236 1125 314 1212 quod
337 1122 494 1206 oompositi
517 1122 648 1207 speeiem
670 1122 775 1198 habet,
805 1112 948 1207 p’aaap'r,
979 1121 1027 1186 eui
1047 1122 1219 1188 Meinekius
1247 1125 1352 1208 aequi-

234 1239 321 1320 parat
341 1224 542 1310 Euphorionis
564 1225 689 1290 verbum
706 1214 876 1311 ’πλομένῳ
899 1223 949 1290 ἐνὶ
972 1219 1044 1312 ὥρῳ
1070 1247 1099 1310 p.
1126 1223 1199 1292 126.
1231 1228 1353 1291 eodem·

235 1352 293 1418 que
314 1321 488 1421 τοίρῥοθος
509 1320 658 1392 referrem
679 1347 698 1392 a
716 1325 914 1412 Lyoophrone
937 1323 1113 1411 usurpatum
1133 1351 1187 1413 pro
1209 1325 1355 1418 ἔπιτοὶῤ-

234 1438 361 1524 ροθος,
391 1431 418 1496 si
440 1431 525 1516 origo
547 1429 835 1514 voeabulipateret.
880 1429 938 1494 Sed
965 1423 1096 1517 ψευδής
1123 1443 1229 1496 eontra
1250 1434 1353 1518 posito

234 1527 388 1624 ἀψευδής
409 1534 494 1618 quasi
514 1532 748 1608 inaedificatum,
772 1526 857 1620 dyada
875 1554 917 1597 ex
935 1524 1059 1620 εὐαγής
1078 1543 1262 1619 amputatum
1282 1557 1352 1602 esse

234 1658 421 1723 nequaquam
442 1636 625 1720 persuadent
646 1635 781 1720 quamvis
800 1635 917 1700 nobiles
937 1647 1097 1713 auctores3
1121 1638 1284 1724 eodemque
1298 1643 1352 1726 ju-

234 1742 313 1810 dioio
330 1739 484 1826 rejicimus
507 1757 612 1803 eorum
634 1737 829 1816 sententiam,
854 1739 905 1823 qui
922 1731 1029 1806 oaaa'doa
1050 1761 1104 1826 pro
1123 1735 1271 1809 ederedo
1291 1744 1352 1808 diei

233 1843 343 1914 volunt
368 1851 422 1906 aut
447 1840 632 1925 metaplastis
660 1840 812 1923 inserunt.
855 1840 919 1908 Nos
947 1843 1122 1927 aoephalum
1151 1845 1349 1930 appellamus,
1453 1885 1454 1890 κ

233 1946 314 2036 quia,
338 1941 535 2034 utffirrouis
552 1945 645 2010 verbo
663 1953 744 2024 utar,
769 1955 857 2030 eaput
875 1965 917 2013 ex
934 1966 989 2014 sua
1008 1945 1148 2032 analogia
1164 1969 1226 2012 nou
1244 1947 1347 2015 habet.

746 2133 775 2216 a.
799 2132 831 2199 a.

310 2251 458 2338 Quoniam
479 2255 544 2338 ipsa
564 2271 668 2318 rerum
690 2252 876 2318 eondnuatio
898 2246 1057 2337 seriesque
1075 2275 1132 2320 nos
1153 2275 1172 2320 a
1193 2258 1348 2342 proposito

232 2356 357 2424 abduxit
378 2355 515 2440 longius,
538 2355 674 2421 breviter
695 2356 891 2440 repetendum
911 2355 1051 2442 videtur²
1078 2359 1158 2423 unde
1180 2357 1254 2424 haee
1277 2382 1348 2426 ooe·

232 2462 311 2549 perit
332 2458 492 2544 disputatio
519 2467 551 2526 et
578 2479 636 2542 quo
658 2459 837 2524 decurrerit.
882 2458 1049 2524 Exordium
1074 2471 1142 2525 erat
1168 2463 1349 2538 deensibus
1453 2457 1454 2460 '

232 2568 284 2643 iis,
307 2583 433 2650 quorum
455 2561 659 2626 nominativus
681 2583 720 2626 ne
741 2561 814 2648 fingi
836 2561 954 2646 quidem
972 2573 1073 2647 potest
1093 2575 1128 2628 ut
1144 2561 1236 2650 ἀρνί,
1257 2563 1347 2642 υἷος.

231 2670 286 2736 His
306 2663 677 2754 proximasubjuuximus
705 2665 907 2729 nominativos
930 2664 1064 2736 effah‘les
1088 2665 1224 2750 quidem,
1255 2689 1348 2753 repu-

232 2773 328 2838 diatos
351 2781 452 2836 tameo
478 2779 530 2832 aut
551 2767 587 2831 ob
610 2767 732 2837 nimiam
760 2767 928 2832 exilitatem
958 2772 1031 2852 (quo
1053 2789 1166 2854 genere
1189 2773 1347 2858 monosyl.

230 2875 298 2942 laba
320 2872 514 2942 eontinentur
534 2869 806 2957 braehyoataleeta)
830 2881 883 2934 aut
903 2880 1025 2954 propter
1047 2892 1248 2936 consonarum
1270 2875 1347 2940 flua·

230 2980 306 3045 lium
322 2973 552 3060 repugnantiam
568 2972 764 3041 molestamus
784 2973 918 3058 ejusdem
936 2973 1043 3038 literae
1061 2973 1265 3040 iterationem.
1298 2978 1364 3085 u

154 3099 158 3108 ’
231 3077 447 3166 monosyllabis
469 3076 579 3140 dietum
602 3085 668 3152 est3
699 3075 735 3139 de
757 3075 936 3160 asymploeis
958 3075 1086 3142 dieetur.
1131 3077 1284 3157 Primum,
1310 3088 1347 3146 ut

232 3183 368 3248 ordinem
389 3179 553 3254 iuventam,
576 3177 677 3246 herois
696 3198 820 3254 nomen,
842 3199 862 3242 a
883 3199 940 3262 quo
957 3179 1109 3264 Mopsopia
1130 3181 1277 3266 appellata
1299 3184 1344 3248 di·

231 3287 323 3361 eitur,
346 3284 379 3348 in
400 3281 581 3349 nominandi
595 3299 667 3346 oasu
689 3276 860 3368 (mapsa)
882 3293 917 3346 ut
937 3281 1104 3367 Stephanus
1126 3303 1153 3347 s.
1173 3283 1204 3349 h.
1224 3305 1257 3350 va
1281 3295 1344 3350 tra-

230 3390 287 3466 dit,
311 3380 463 3472 ἄρῥητον
482 3395 541 3464 est,
565 3405 662 3468 neque
681 3383 762 3448 ahud
777 3387 931 3470 reperitur
947 3367 1137 3460 vocabulum,
1163 3388 1249 3472 eujus
1268 3393 1342 3452 ean-

230 3493 297 3558 dem
322 3489 469 3578 spllabam
496 3486 607 3572 duplex
628 3487 752 3559 orditur.
772 3498 804 3552 et
824 3488 908 3565 linit,
937 3509 977 3552 ne
998 3498 1067 3552 zeta
1094 3489 1228 3572 quidem,
1249 3463 1344 3574 'quod

229 3595 328 3681 ipsum
349 3589 488 3656 nonnulli
509 3588 633 3674 duplieis
654 3589 753 3656 instar
772 3589 894 3668 habent,
918 3601 1126 3676 praeterquam
1147 3591 1180 3656 in
1202 3591 1343 3678 stirpium

228 3696 399 3762 nominibus
413 3692 552 3782 ζίζυφον
568 3701 600 3756 et
614 3685 771 3774 ζιζάνιον.
800 3694 912 3759 Prioris
929 3694 1051 3793 generis
1065 3695 1219 3780 speoimen
1235 3715 1343 3760 exem·

229 3799 368 3886 piumque
395 3808 442 3862 est
467 3794 654 3883 Bspdaoar,
693 3798 899 3884 eujuseeteri
927 3817 1015 3862 easas
1042 3799 1110 3864 triti
1135 3809 1207 3865 sunt
1235 3797 1344 3884 Βερέ-

228 3925 338 3971 aoaao
358 3899 479 3992 χῶρον,
500 3896 699 3987 βερὲκυντες
720 3893 820 3970 αὐλοί
839 3899 941 3964 Noun.
961 3899 1046 3966 Xlll.
1071 3899 1146 3967 508.
1169 3891 1238 3966 XL'.
1260 3900 1339 3968 227.

227 4005 326 4092 ipsum
354 4024 428 4069 vero
456 4002 493 4066 ab
522 4001 627 4066 eodem
657 4001 807 4088 Stephano
837 3996 989 4091 ὁὶῤῥητον
1016 4003 1201 4092 perhibetur.
1247 4003 1339 4081 Hine,

228 4107 279 4176 ubi
301 4106 396 4194 prima
417 4103 565 4190 positione
586 4104 730 4174 utendum
751 4116 835 4182 erat,
866 4107 903 4170 ad
924 4107 1085 4172 seeundum
1107 4105 1269 4171 transitum
1291 4116 1341 4170 est

229 4208 478 4282 dmliuationema
508 4199 741 4294 ὅΜόψοπος,
765 4208 831 4278 ,τοῦ
852 4201 1034 4302 Μοψόπου
1056 4209 1154 4276 Strab.
1179 4209 1235 4276 IX.
1260 4206 1338 4274 397.
