2914 4882
162 336 217 403 DE
231 333 369 402 ttotssd.
382 331 538 399 dumet.
554 328 606 398 ET
618 325 747 399 Sillls'l'.
761 330 855 401 dett.
870 335 1004 402 Atttts.
1021 337 1049 422 ς.
1062 337 1095 403 4.
1135 337 1213 406 848

93 513 217 604 μοτός,
237 511 366 605 χόρτος,
385 510 550 603 πρωκτός,
568 505 721 600 ploretis,
740 506 895 603 dynastia,
914 503 1059 602 μαότος,
1079 516 1206 596 οἶκτος,

95 619 158 684 nisi
185 619 241 682 hee
268 619 304 682 ah
333 619 429 697 οἴζιο,
459 619 640 696 auweedens
666 611 803 702 ιιμάο,
834 619 912 682 unde
933 620 985 705 ptri
1010 629 1043 684 et
1061 612 1206 708 μάμμη,

96 731 240 806 repetere
266 720 383 805 plaeet3
420 729 472 782 eut
498 719 779 803 averboquidem
804 721 951 804 originem
978 723 1031 788 sed
1058 724 1207 790 diversam

97 824 249 909 adjectivo
281 822 530 908 significationem
564 822 673 886 habent
708 833 744 886 ut
774 809 907 900 οοῖτος,
942 823 1052 904 οἶτος,
1088 839 1207 914 potone

97 927 275 1013 (utrumque
303 927 340 988 ab
363 927 402 992 ἴω
430 947 461 988 ν.
485 925 522 988 ad
542 924 592 1011 Aj.
616 947 648 989 v;
670 923 764 1008 ebo.)
789 919 927 1001 νόστος,
958 929 1034 1016 quod
1056 930 1162 996 Soidas
1188 951 1207 996 a

95 1028 224 1116 νέομαι
245 1028 343 1104 dueit,
368 1018 479 1117 ροτός,
502 1028 539 1091 de
560 1041 617 1112 qho
638 1049 669 1092 v.
683 1027 870 1113 wesseling.
893 1029 931 1092 ad
950 1029 1036 1094 Diod.
1052 1033 1127 1102 htx.
1147 1031 1205 1098 bh.

95 1155 127 1220 p.
151 1129 229 1196 468.
274 1131 427 1194 Postremo
454 1129 506 1193 hie
532 1141 719 1216 mggestus,
742 1132 875 1218 pluteus,
907 1131 1021 1209 laroma,
1051 1135 1204 1219 repulsus,

96 1233 250 1320 offensus,
275 1233 333 1296 etsi
354 1253 372 1296 a
393 1232 495 1296 verbis
514 1245 675 1318 propagata
695 1243 778 1309 sunt,
802 1245 903 1298 tamen
924 1233 1079 1298 deelinatu·
1095 1235 1210 1305 distant·

95 1339 133 1402 eh
155 1335 333 1420 edjeetivis3
356 1335 493 1402 feminini
513 1355 587 1403 voro
608 1337 728 1422 generis
748 1337 946 1413 substantiva,
969 1337 1205 1419 aooessd,·(nis'i

95 1439 154 1504 hoo
174 1438 284 1502 dieitur
303 1437 449 1522 adjective
471 1448 504 1501 nt
522 1439 568 1502 sol
587 1439 726 1524 oooasns)
748 1437 893 1523 defensa,
917 1437 1055 1524 offenso,
1077 1441 1206 1526 repulso

95 1542 216 1627 aliaque
237 1540 270 1603 in
291 1539 436 1625 Aglaoph.
459 1540 496 1604 Τ.
520 1540 558 1605 ll.
584 1539 677 1606 1074.
703 1541 812 1617 allata,
844 1542 869 1605 si
892 1543 1017 1606 formam
1038 1543 1204 1620 intuemur,

96 1644 174 1710 nihil
201 1644 370 1728 disorepant
398 1663 416 1706 a
443 1643 625 1728 partieipiis,
663 1653 695 1708 at
723 1644 970 1728 significationem
999 1645 1089 1731 longe
1116 1645 1206 1712 elisus

95 1747 228 1827 habenta
269 1765 360 1830 quare
389 1765 443 1831 pro
472 1746 668 1810 substantivis
696 1746 802 1812 valent
826 1747 949 1831 perinde
977 1769 1012 1812 ao
1039 1747 1209 1814 maurulio*

94 1849 253 1935 repulsus,
277 1846 425 1932 offensores,
453 1869 471 1912 a
493 1849 597 1932 quibus
619 1849 675 1913 hoe
696 1869 788 1914 unum
810 1849 963 1928 differunt,
987 1851 1064 1936 quod
1086 1849 1206 1935 proprie

94 1952 257 2042 dieantur,
295 1949 349 2013 illa
376 1971 430 2034 per
459 1951 697 2016 translationem.
748 1952 805 2016 Sed
835 1972 900 2018 oum
930 1954 1145 2039 adjectivorum
1170 1963 1207 2018 et

93 2056 193 2118 forms
219 2064 252 2128 et
277 2063 421 2138 potestate
448 2053 484 2116 ad
508 2054 649 2120 amussim
674 2065 845 2139 oongruunt
870 2065 975 2120 strato
1003 2074 1034 2120 v.
1057 2053 1206 2120 lluratorl

93 2157 129 2220 ad
153 2153 286 2220 Paullin.¹
306 2154 406 2220 Natal.
429 2155 499 2220 Xll.
523 2155 597 2222 375.
622 2159 754 2233 ιὀοοοιο,
777 2157 900 2233 uoluta,
926 2167 1033 2234 tonso,
1058 2159 1204 2234 eolleotu',

89 2267 259 2346 μνοεοοοο,
290 2257 442 2335 deductu,
472 2279 627 2344 eepenso,
647 2257 744 2342 sonsa
757 2261 822 2342 ⁴⁸),
856 2279 892 2322 eo
918 2259 945 2322 si
970 2281 1057 2324 oasns
1083 2260 1205 2326 tulisset

94 2371 128 2426 ut
149 2381 206 2446 pro
227 2357 355 2447 ταῳρὸς
376 2355 517 2450 ὀρυκτή,
546 2381 604 2446 quo
626 2360 773 2427 Homerus
799 2362 843 2426 nti
866 2361 962 2438 solet,
993 2383 1090 2446 neque
1112 2363 1204 2426 obsti-

94 2465 162 2528 nuit
187 2463 374 2547 Xenophon,
405 2485 466 2528 uno
491 2465 584 2528 verbo
609 2463 761 2528 diaeretur
786 2457 928 2552 ὀρυκτή,
959 2465 1203 2549 quemadmodum
1292 2479 1294 2486 ·

93 2561 228 2647 κεστός,
250 2557 432 2656 οούλοχος,
454 2563 591 2656 ῥόθιος,
613 2559 782 2654 προβλής,
804 2564 943 2655 πατρίς,
965 2563 1114 2654 τρήρων,
1138 2566 1211 2652 qui«

92 2673 148 2735 hus
173 2669 228 2734 ille
249 2669 436 2734 substantiva
459 2670 610 2754 adjungit,
640 2680 744 2756 postea
765 2692 819 2756 pro
841 2669 1036 2736 substantivis
1059 2678 1204 2751 usurpata

92 2783 183 2849 suut,
214 2791 284 2835 num
306 2771 399 2856 igitur
417 2771 509 2848 illud,
541 2772 608 2857 quia
630 2771 800 2856 appellativi
821 2773 881 2836 vim
904 2771 1050 2848 obtinuit,
1080 2768 1203 2856 edjeeti·
1341 2817 1343 2825 .

92 2896 203 2940 vorum
231 2895 356 2938 numero
384 2875 504 2938 exolndi
530 2895 584 2959 par
610 2875 786 2938 videretur?
827 2875 970 2958 liquidem
998 2873 1203 2939 illudentem

88 2981 249 3065 jure-esse
268 2985 350 3060 puto,
371 2997 429 3060 quo
446 2970 546 3066 χοτός
563 2977 589 3042 si
608 2999 662 3062 pro
680 2978 778 3067 χῶμα
796 2977 929 3062 ponitur,
952 2978 1039 3063 idque
1057 2976 1206 3042 eonlirmo·

93 3078 234 3163 exemplo
261 3079 514 3144 substantivorum
542 3072 723 3164 δεξομενή,
755 3071 897 3166 elopem}
924 3075 1068 3166 (ἥμενος
1093 3079 1201 3170 χῶρος

91 3183 224 3246 Theoor.
238 3179 322 3246 Xlll.
340 3181 425 3263 40.),
445 3175 610 3270 ἀγόμεναι
630 3193 661 3246 et
678 3181 818 3246 similium
836 3203 868 3245 v.
888 3183 924 3246 ad
941 3183 1054 3270 Phryn.
1075 3205 1103 3268 p.
1121 3181 1197 3248 322.
1216 3215 1228 3234 κ

93 3287 130 3348 de
153 3305 279 3370 quorum
301 3295 370 3348 ortu
391 3285 472 3348 inter
493 3307 597 3349 omnes
619 3287 683 3350 fere
706 3285 859 3348 convenit.
892 3283 1005 3348 Verum
1026 3285 1056 3349 id
1077 3305 1200 3348 aeeura·

92 3387 155 3450 tius
175 3386 392 3472 explanandum
413 3397 461 3450 est
479 3398 510 3450 et
529 3388 675 3472 exemplis
694 3387 838 3478 pluribus.
873 3385 1032 3453 Nominum
1051 3377 1201 3471 λεπαστή

93 3488 230 3574 (lepista)
257 3489 322 3552 sive
350 3500 384 3552 ut
410 3487 462 3552 alii
487 3489 657 3553 scribebant
677 3483 826 3576 lemoioop
847 3487 958 3552 Athen.
982 3488 1038 3552 Xl.
1062 3486 1137 3554 484.
1162 3487 1198 3552 F.

91 3583 277 3677 meloroop',
298 3589 479 3678 meliorari,
499 3589 681 3679 πελλτντή,
704 3593 788 3678 origo
809 3613 911 3676 parum
931 3591 1037 3668 oleret,
1059 3591 1114 3666 sed
1133 3585 1200 3656 aoi-

91 3720 154 3782 τη,
184 3689 308 3780 αόρτή,
336 3689 433 3780 ἑορτή
461 3693 526 3759 sive
547 3689 629 3783 ὀρτῆ
658 3699 706 3776 (ut
726 3688 842 3783 idpyop,
867 3685 1071 3792 ppuoo'pyp),
1100 3683 1199 3778 α’ήτη.

91 3795 205 3884 dolor),
226 3791 339 3884 μορτή
348 3800 408 3882 ⁴⁹),
430 3797 618 3861 manifestam
640 3796 749 3861 habent
771 3819 837 3861 eum
856 3797 956 3862 verbis
977 3794 1205 3881 cognationem,¹

160 4055 208 4119 tt)
225 4055 352 4120 Ambisna
369 4064 430 4108 snut
447 4071 540 4118 οοοτο,
558 4043 689 4120 nomaso,
707 4059 795 4121 reeta,
811 4057 895 4118 nota,
912 4051 1038 4106 οἰοιὶἰοττ.

122 4175 125 4180 -
163 4143 279 4212 hilline
296 4159 344 4194 non
362 4142 493 4209 epitheton
512 4150 554 4195 est
569 4143 642 4194 vonis
658 4143 744 4212 μοῖρα
763 4148 793 4192 nt
810 4141 884 4194 οἴνου
899 4132 1017 4207 τετάρτη
1027 4139 1136 4192 llerodo.
1152 4138 1206 4192 tv..
1274 4125 1283 4140 ⁸

93 4231 143 4293 tt,
162 4231 190 4288 2.
210 4225 325 4299 δεκάτη,
341 4222 464 4296 ἡμίσεια,
480 4223 609 4298 ἡμιολία,
626 4229 739 4299 sperula
756 4227 867 4298 llesyeh.
887 4226 932 4292 ted
948 4227 1084 4282 viantium.
