2930 4872
319 317 377 382 nn
403 315 592 384 anrncr.
616 314 826 384 runcum.
857 316 893 386 c.
915 317 954 385 v.
977 319 1006 404 y.
1027 317 1061 386 ⁷.
1147 389 1149 396 ,
1184 323 1256 390 aaa

146 497 184 562 ln
205 496 302 584 Regg.
324 497 410 562 Pros.
433 495 472 562 Ν.
496 495 558 574 66,
580 493 655 562 435.
684 495 827 565 θέλουσι
847 493 886 564 τό
908 495 1130 586 παιδοτρίβης
1151 500 1257 568 dacel-

144 622 223 668 νειν
244 593 464 684 πλανώμενοι
485 601 521 664 ἐκ
541 597 604 665 τοῦ
625 596 709 686 παρ’
729 594 904 691 Ἀρχιλόχῳ
928 599 993 682 (Fr.
1018 599 1109 686 124.)
1131 595 1257 689 ἄνδρας

145 706 197 776 εἰς
219 699 446 788 Ιοἷριφίτριβας,
476 699 665 766 Hermannus
690 695 901 790 οἷμηιτρίβας
926 703 1052 789 corrigit
1076 703 1192 780 activa,
1223 717 1258 769 ut

145 804 288 880 videtur,
318 813 465 888 potestate
488 824 574 886 quam
595 802 817 892 παιδοτρίβης
839 805 928 868 hahet
952 815 1000 881 et,
1031 815 1122 892 puto,
1151 829 1258 894 paeco-
1334 843 1338 858 =

144 904 269 994 τρίβης
289 905 401 968 Athen.
421 903 473 968 lll.
498 904 571 968 111.
592 905 627 969 C.
651 927 704 982 ac,
728 906 787 970 nisi
809 906 924 993 syllaba
945 906 1036 994 longa
1057 919 1139 976 esset
1154 910 1199 992 ²⁵)
1220 910 1257 973 ah

145 1008 223 1082 illis,
248 1005 298 1091 qui
319 1005 590 1091 reprehenduntur,
613 1029 675 1071 non
693 1007 841 1095 potuisset
861 1029 915 1092 pro
936 1021 1113 1093 argumento
1135 1011 1255 1090 afferri3
1295 1029 1298 1036 ·

145 1107 353 1194 reprehensor
378 1129 452 1173 vero
480 1118 575 1172 metro
603 1108 692 1172 aliter
719 1109 880 1172 constituto
907 1104 1118 1198 ιῖχιφίτριβας
1145 1111 1256 1198 legisse

144 1211 272 1282 videtur
293 1209 443 1272 contraria
461 1209 598 1296 prosodia
621 1221 652 1274 et
670 1210 888 1294 significatione
910 1223 944 1275 ut
964 1205 1116 1298 α’τριβής,
1138 1216 1256 1282 παλιν-

143 1309 284 1399 τριβής,
309 1305 514 1399 περιτριβῆς.
556 1311 766 1377 Nominativus
791 1311 912 1401 χέρνιψ
917 1359 928 1390 ,
957 1314 993 1377 de
1015 1336 1073 1398 quo
1095 1315 1255 1381 Passovius

144 1415 318 1488 dubitabat,
342 1413 453 1498 legitur
474 1413 583 1477 Acsch.
607 1411 695 1477 Eum.
719 1412 795 1478 656.
819 1415 950 1501 Hesych.
974 1436 1001 1479 s.
1022 1416 1254 1502 Χρυσορανίς,
1376 1501 1380 1508 Ι
1424 1429 1429 1440 “

144 1519 274 1604 ejusque
296 1537 383 1580 casus
405 1515 543 1601 dactylici
564 1535 611 1601 ap.
631 1515 804 1593 Homerum,
827 1515 1029 1604 Thucydidem
1046 1517 1098 1582 lv.
1117 1517 1161 1584 97
1164 1566 1184 1584 ‚r
1196 1519 1256 1606 Ly·

141 1619 215 1684 sian
237 1639 265 1681 c.
282 1616 359 1681 And.
381 1639 411 1702 p.
430 1615 503 1682 168.
526 1617 557 1680 1.
580 1617 775 1704 Aeschylum,
799 1617 974 1705 Sophoclem
996 1619 1129 1704 aliosque
1151 1641 1255 1705 propa·

142 1719 294 1806 roxytoni
320 1731 407 1796 sunt,
438 1720 575 1806 ambiguo
601 1721 677 1804 apud
699 1720 870 1805 Euripidem
896 1732 927 1784 et
948 1721 1178 1806 Aristophanem
1204 1743 1254 1786 ac-

144 1833 293 1888 centuv.
319 1821 482 1886 Hermann.
506 1823 543 1886 ad
565 1823 654 1886 llerc.
678 1820 755 1888 924.
801 1822 912 1887 Omitto
936 1825 1013 1908 quod
1035 1823 1173 1887 nonnulli
1196 1823 1250 1888 0d.

141 1922 236 1990 XXI.
261 1921 336 1988 395.
370 1923 555 2008 scripserunt
580 1912 736 2010 ιιιριιῗπις
762 1920 840 1991 ἀντὶ
865 1925 929 1991 τοῦ
956 1930 994 1992 ἐν
1020 1937 1094 2000 τοῖς
1117 1925 1255 2012 κέρασιν
1297 1911 1302 1924 ’

12 2037 14 2044 ’
53 2101 62 2112 ,
144 2027 238 2105 ἶπες,
258 2025 574 2124 lascivientis-ingenii
590 2037 802 2102 commentum,
822 2038 854 2091 et
867 2027 1036 2112 Migdclihs,
1057 2029 1134 2112 quod
1150 2027 1254 2092 Plauto

76 2135 79 2140 “
142 2129 302 2194 trihuitur.
347 2127 382 2192 In
410 2143 457 2214 οψ
478 2149 560 2211 uuae
587 2129 728 2193 desinunt
755 2130 854 2194 omnia
880 2131 1006 2194 eandem
1030 2130 1176 2214 originem
1203 2129 1255 2194 ha-

142 2233 238 2307 hent3
261 2225 339 2318 dorp,
354 2230 401 2294 cui
419 2229 632 2315 Glosscgraphi
650 2232 722 2295 duas
741 2231 904 2315 subjiciunt
921 2232 1156 2316 significationes
1173 2226 1254 2300 οἰνό-

145 2333 313 2421 φθαλμος
339 2343 371 2397 et
395 2326 552 2418 οἵφιονος,
581 2333 751 2417 pariterque
778 2326 909 2420 εὐρύοψ
936 2329 1133 2420 napoleonis
1160 2329 1253 2410 ὦπας

142 2433 169 2522 ἢ
191 2432 284 2523 παραὶ
307 2433 370 2521 τήν
392 2428 461 2502 ὄπα
481 2433 583 2519 Etym.
607 2435 649 2498 M.
680 2456 737 2518 quo
764 2434 921 2498 intellectu
948 2445 995 2498 cst
1022 2431 1174 2524 εὐρύοπα
1197 2438 1253 2504 τέ·

143 2537 252 2606 λαδον
273 2536 387 2601 veteris
408 2547 513 2620 poetae
535 2557 582 2621 ap.
603 2536 754 2600 Plutarch.
786 2535 854 2602 Non
870 2555 955 2620 poss.
977 2557 1064 2601 suaa.
1086 2538 1150 2602 viv.
1166 2539 1250 2603 Xlll.

144 2639 222 2704 475.
246 2643 339 2726 ἔποψ
361 2630 509 2724 ἐπόπτης
531 2651 562 2702 et
584 2637 665 2725 dicata
686 2631 868 2726 οἰκονόμος
880 2637 1017 2725 ¹Hesych.
1053 2637 1253 2704 Terminatio-

146 2743 197 2808 nis
224 2741 293 2806 hnic
318 2741 473 2826 proximae
501 2740 616 2804 nullum
640 2742 768 2826 prolerri
792 2751 890 2826 potest
912 2740 1100 2826 exemplum,
1131 2753 1253 2827 praeter

143 2840 285 2926 πῶλνψ,
307 2844 360 2908 sed
380 2863 398 2906 a
416 2835 488 2929 γύψ
506 2843 656 2908 Lucienus
678 2843 768 2908 finxit
790 2835 1024 2931 ἱπποχύπονς·
1050 2845 1116 2929 ejus
1138 2856 1250 2922 autem,

144 2967 222 3034 quae
242 2932 272 3014 α
292 2947 411 3031 longum
435 2945 587 3022 continet,
610 2967 671 3009 non
693 2967 802 3030 panca,
828 2943 1103 3034 παλαιομώλαψ,
1124 2947 1252 3037 χαμαί-

145 3049 253 3140 δρωψ,
268 3044 452 3121 ιῖείοιιωπις
463 3048 573 3112 Athen.
589 3049 655 3112 sive
671 3043 854 3123 deruncinac
865 3049 993 3113 Aristot.
1007 3043 1107 3136 ,ἅζωψ
1118 3049 1249 3136 Hesych.
1295 3089 1300 3107 .

145 3163 179 3217 et
199 3173 219 3216 a
238 3151 358 3216 verbis:
388 3150 458 3217 τών
479 3145 871 3240 οἷρχικλώπωνῬΙιιιοοοΙι.
893 3151 1117 3239 βιαιοιιλώπες
1138 3149 1252 3238 οἷρπα-

143 3251 206 3343 χαί
229 3252 378 3340 Lycophr.
409 3249 602 3340 παραβλώψ
623 3253 731 3338 Synes.
754 3253 809 3338 Ep.
834 3253 886 3318 lv.
911 3253 984 3319 169.
1009 3255 1044 3318 Β.
1075 3253 1253 3341 νανοβλῶ-
1304 3289 1306 3292 ·

143 3380 209 3430 succ
236 3355 366 3441 Hesych.
392 3356 428 3418 de
451 3375 574 3438 quorum
602 3367 728 3420 accentu
752 3357 816 3440 jam
839 3367 961 3420 veteres
988 3355 1192 3439 disceptarunt
1217 3378 1249 3420 v.

144 3459 184 3523 ad
199 3456 249 3543 Aj.
270 3479 298 3541 p.
316 3455 391 3522 469.
425 3457 477 3520 His
492 3466 599 3520 autem
621 3457 757 3521 omnihus
779 3459 935 3542 adjunctae
956 3467 1027 3521 sunt
1048 3458 1162 3520 formae
1184 3478 1253 3542 pro·
1308 3505 1311 3510 -

144 3561 294 3637 lixiorcs,
324 3581 397 3645 quas
419 3558 612 3622 Grammatici
633 3559 670 3622 ad
691 3559 873 3624 anadromen
899 3559 1016 3624 referre
1038 3558 1156 3633 solent,
1187 3555 1252 3624 οἷν-

143 3661 327 3753 θοβοίφος,
349 3653 638 3750 πορφοροβιῖφος,
661 3655 825 3749 οἵφλιβος,
847 3655 1093 3749 οἷδηλόφλιβος,
1115 3656 1253 3746 decipla-

143 3769 225 3856 βας,
252 3757 491 3851 οτινόφλεβος,
518 3763 672 3854 χέρνιβος
699 3763 750 3828 vel
771 3763 868 3848 potius
889 3761 1049 3852 χέρνιβον
1075 3781 1107 3824 v.
1131 3759 1249 3826 Jacobs.

145 3870 184 3934 ad
201 3867 321 3932 Aelian.
340 3888 371 3951 p.
387 3863 463 3931 310.
487 3858 687 3954 α’χιίννιφος,
709 3860 880 3952 dolemus,
899 3859 1020 3943 ἄοπος,
1041 3858 1159 3938 δίοπος
1180 3863 1253 3950 (καὶ

217 4107 263 4174 15)
287 4101 326 4159 Oc‘
343 4101 521 4177 παιδοτρῗβαι
536 4107 647 4161 Aristct.
665 4105 719 4160 Pol.
739 4104 781 4159 111.
803 4105 851 4167 11,
875 4105 900 4158 6.
926 4061 1043 4173 propiins
1069 4121 1126 4159 esse
1147 4105 1253 4158 videtur

147 4192 302 4248 Schneideri
319 4207 406 4246 error.
896 4195 900 4201 “
