2926 4886
307 345 367 410 on
394 341 554 410 uentu.
584 343 753 410 nouos.
784 344 821 410 c.
842 343 908 409 111.
938 346 967 430 ι.
986 345 1019 412 s.
1156 304 1225 434 roo

118 524 211 612 στάς,
233 521 254 591 ὅ
277 516 450 612 ἱππηλάτα
472 536 508 588 nt
526 515 743 611 ἐληλάμικος,
765 545 801 589 ac
823 525 850 589 si
871 509 978 590 vernol
1000 537 1048 591 est
1069 545 1156 590 casus
1169 526 1224 590 bo·

115 629 277 714 mopbones
298 631 417 693 eosdem
430 627 608 692 homotonos
623 648 703 704 esse,
725 649 766 691 ex
783 629 924 692 vocativo
945 620 971 694 ά
989 625 1115 716 apyrina
1127 629 1221 694 Autb.

115 732 174 795 Pal.
200 731 268 796 Vll.
292 754 323 796 n.
347 729 423 798 209.
446 731 583 814 sequitur
604 730 821 794 nominativum
848 732 942 794 fuisse
965 727 1142 820 άέργάτα,
1166 753 1224 796 nec

116 834 305 898 dubitandum
335 835 406 918 quin
437 824 579 918 άλιστής
611 844 643 896 et
679 827 830 918 άκυστής
861 833 963 920 Etym.
993 835 1036 898 M.
1067 833 1143 911 781,
1167 833 1246 900 54..

112 937 250 1020 Apollon.
276 938 312 1002 de
334 937 411 1001 Adv.
433 935 549 1021 pote.
574 939 601 1002 si
620 935 734 1028 aeoliae
755 947 827 1000 sunt
844 936 1002 1020 appellata,
1026 938 1143 1002 extrito
1162 937 1224 1022 sig·

113 1060 157 1102 ma
178 1050 339 1104 accentum
366 1039 399 1102 in
427 1040 590 1123 penultima
618 1039 790 1123 acceperint
810 1049 845 1102 ιιι
868 1033 1091 1125 άπρόςληπτα
1110 1025 1225 1119 τοῦτ’,

112 1142 208 1205 Scbol.
232 1143 270 1208 ll.
292 1142 339 1210 A.
364 1139 437 1206 508.
484 1143 515 1206 Si
532 1143 597 1228 quis
611 1164 685 1206 vcro
705 1152 842 1226 quaerat,
866 1163 959 1226 qnare
973 1138 1138 1229 άκάκητα,
1163 1137 1224 1209 τά·

112 1240 233 1331 ράοττα,
256 1241 492 1330 ὀραοτριάικα,
513 1247 663 1310 scribatur
685 1256 791 1308 contra
818 1243 973 1328 vulgarem
994 1246 1030 1308 de
1053 1245 1224 1311 bomotonia

112 1349 194 1432 primi
217 1359 251 1412 et
273 1348 369 1433 quinti
389 1369 477 1412 casus
498 1349 652 1434 regulam,
687 1349 824 1432 equidem
853 1345 928 1410 nibil
958 1347 1052 1411 babeo
1075 1349 1153 1432 quod
1174 1370 1224 1413 re-

112 1452 270 1533 spondeam
290 1450 348 1513 nisi
367 1450 420 1515 illa
441 1451 594 1538 idionyma
616 1473 683 1516 esse
705 1463 740 1516 ut
761 1446 1025 1538 άγλαοτρῖαικα,
1047 1445 1224 1538 εάτριάικα

112 1553 184 1638 apud
206 1554 383 1628 Pindarum,
408 1553 576 1638 similiaque
595 1555 723 1639 propriis
753 1550 772 1620 d
796 1546 980 1632 Κάκαικα,
1009 1545 1222 1641 άΜάριλλα.

111 1654 181 1718 Nam
201 1657 284 1740 quod
304 1656 451 1724 Hesiodus
474 1657 552 1720 dixit
572 1651 726 1744 άκάκητα
742 1655 943 1743 Προμηθεῦ
965 1655 1021 1719 Th.
1046 1653 1122 1720 614.
1147 1655 1224 1720 nihil

112 1760 144 1822 ad
165 1759 331 1823 Homerum
351 1759 492 1842 pertinet.
532 1760 591 1824 Sed
611 1782 666 1824 cur
687 1759 931 1848 κεφεληγερὲτα
951 1758 1118 1822 scribitur?
1149 1757 1225 1822 For·

112 1872 187 1926 tasse
210 1863 248 1924 ob
276 1861 499 1938 characterem,
522 1861 578 1925 hoc
607 1874 655 1927 est
676 1863 745 1948 quia
771 1861 906 1928 verbalia
925 1862 959 1926 in
977 1846 1059 1948 {cip}
1078 1862 1224 1926 exeuntia

112 1964 282 2029 vocativum
302 1963 412 2027 babent
434 1975 673 2050 paroxytonum,
709 1960 734 2034 oi
762 1961 905 2054 άρχὲτα,
926 1960 1051 2052 ἦγὲτα,
1071 1960 1222 2051 ὑπερμε-

112 2065 203 2148 κέτα,
227 2065 474 2156 γιγαντολέτα,
494 2067 677 2145 τοξαλκέτα
696 2081 755 2134 etc.
802 2069 842 2132 Et
860 2059 1083 2156 Ἀργειφόντα
1104 2083 1222 2152 quoqne

113 2170 252 2236 scribitur
283 2181 318 2234 nt
348 2159 548 2256 συκοφάντα
569 2171 655 2236 Ηοιιι.
680 2173 718 2236 H.
749 2173 782 2236 in
804 2169 892 2237 Vest.
917 2169 1038 2234 XXIX.
1059 2170 1211 2258 7.,0rpn.

622 2375 651 2460 s.
675 2375 708 2444 o.

190 2497 246 2563 llis
268 2495 406 2560 omnibus
428 2497 620 2561 manifestum
639 2497 684 2573 lit,
707 2505 829 2560 veteres
849 2494 1093 2580 metaplastorum
1112 2515 1222 2560 nomen

116 2595 143 2660 in
162 2601 310 2664 vocabula
334 2599 500 2664 contulisse
522 2599 741 2676 diversissima,
765 2621 840 2684 quae
858 2619 914 2662 nos
933 2599 1040 2682 partim
1062 2597 1224 2662 heterocli-

116 2699 151 2762 tis
176 2713 207 2766 ct
235 2703 473 2786 heterogenesin
500 2702 713 2778 attribuimus,
749 2703 857 2788 partim
884 2702 1025 2786 acephala
1046 2702 1171 2766 dicimus
1189 2713 1225 2767 ut

117 2804 350 2869 anominativis
378 2804 578 2868 ineffabilibus
607 2815 661 2869 aut
692 2807 730 2869 ad
761 2805 910 2870 effandum
941 2793 1056 2870 minns‘
1074 2805 1223 2890 expeditis

118 2915 177 2969 orta
196 2931 227 2971 v.
254 2909 285 2992 §.
305 2908 339 2974 2.
362 2907 395 2972 3.
440 2909 520 2986 Alia,
544 2930 670 2992 quorum
692 2909 895 2974 nominativus
916 2929 979 2973 non
1001 2920 1088 2973 extat
1105 2909 1223 2993 quidem

117 3009 163 3072 sed
181 3010 258 3096 fingi
280 3021 381 3075 minen
401 3004 519 3096 potest,
550 3011 627 3075 nulli
655 3024 738 3076 certo
768 3012 874 3098 generi
896 3013 1044 3096 adscripta
1066 3012 1221 3076 babemus.

119 3107 221 3188 Quibus
251 3114 389 3178 omnibus
417 3115 524 3180 demtis
553 3137 701 3200 perpauca
734 3117 947 3202 relinquuntur
975 3137 1100 3180 casuum
1128 3127 1223 3180 meta-

118 3211 275 3293 plastorum
297 3217 453 3302 exempla,
476 3218 509 3282 si·
525 3219 642 3302 quidem
664 3218 721 3282 hoc
743 3240 853 3282 nomen
872 3219 910 3282 iis
931 3239 1143 3295 reservamus,
1172 3218 1224 3302 qui

119 3314 178 3380 sine
198 3321 263 3384 ulla
285 3320 466 3384 observabili
487 3321 606 3384 ratione
631 3342 651 3385 a
672 3317 873 3386 declinatione
897 3343 952 3386 sua
974 3321 1169 3386 desciverunt
1189 3331 1224 3384 ut

118 3415 286 3514 α’λίτροχα,
308 3425 462 3492 rodoalus.
506 3425 591 3487 Hanc
607 3435 708 3488 antem
730 3425 936 3508 quaestionem
957 3424 1143 3490 instituimus
1162 3425 1224 3508 pri·

119 3539 203 3603 mum,
228 3540 266 3592 ιιι
286 3551 361 3614 quae
382 3550 402 3592 a
422 3526 631 3592 Grammaticis
660 3527 694 3590 in
710 3549 807 3602 „unum
830 3547 942 3591 nomen
964 3538 995 3591 et
1017 3547 1125 3610 corpus
1147 3547 1223 3589 con-

119 3621 180 3690 fusa
198 3643 282 3708 sunt,
306 3633 560 3716 distingueremus
587 3629 777 3710 accuratius3
807 3642 871 3694 ιιιιιι
898 3629 988 3692 etiam
1010 3629 1046 3692 ob
1065 3650 1131 3693 eam
1153 3651 1225 3694 oan-

121 3743 187 3805 sam,
211 3732 293 3818 qnia,
315 3757 390 3819 quac
411 3735 457 3798 illi
477 3735 665 3818 metaplastis
683 3734 893 3808 adnumerant,
917 3724 1037 3822 στάγα,
1060 3730 1147 3820 ulpio
1161 3745 1221 3798 ete.

121 3823 187 3894 hace
207 3836 272 3921 ipsa
293 3838 380 3902 nobis
400 3838 624 3903 vetustissimae
647 3847 679 3900 et
699 3835 936 3918 simplicissimae
959 3836 1113 3900 nominum
1127 3837 1224 3901 bolio-

122 3929 164 3994 ssis
183 3940 333 4022 specimen
353 3944 508 4027 praebent,
533 3961 608 4024 quae
623 3939 785 4003 verborum
808 3939 949 4022 stirpibus
968 3940 1043 4004 nibil
1062 3941 1222 4029 quidquam

123 4033 194 4101 addit
216 4054 337 4127 practer
358 4045 466 4130 sigma,
489 4054 524 4108 ιιι
544 4043 588 4107 ita
609 4041 717 4120 dicam,
739 4040 942 4108 formativum.

552 4195 777 4216 ⁴*-
