2914 4882
203 327 207 334 ’
265 355 337 423 nso
622 341 937 419 nrssnnrnrro
965 351 1003 417 v.

264 493 347 600 Suid.
374 545 406 599 et
428 533 530 598 eodem
552 533 639 597 modo
660 526 790 618 ἄφοδος
813 529 994 616 nocetam),
1015 527 1096 622 χολή
1119 529 1354 621 τανρεὶαῆεἲρ-

262 636 347 718 caio,
362 634 470 705 πντιά
484 633 632 724 νεβρεῖα,
653 626 768 708 κύστις
788 632 911 722 αἰγεία,
927 635 1027 722 στέαρ
1042 630 1245 701 α’λαπέιιειον
1258 634 1352 700 Galen.
1423 673 1424 680 ι

263 740 366 803 Antia.
390 738 429 802 11.
452 737 486 815 9,
511 737 585 802 157.
610 733 663 814 14,
688 733 772 800 1183:
786 735 861 820 Eup.
877 735 902 799 1.
926 735 959 813 3,
983 735 1057 802 331.
1082 736 1120 800 11.
1144 737 1177 812 2,
1199 735 1271 802 401.
1290 739 1355 800 rnul-
1423 767 1424 834 ρ

263 842 360 926 tisque
386 841 454 905 aliis
476 840 563 916 locis,
587 859 712 924 quorum
735 837 835 902 nullus
856 839 982 903 formam
1007 849 1190 903 contractam
1212 860 1276 903 cunr
1296 841 1355 904 sub-

264 943 397 1008 stantivo
422 945 558 1028 junctam
589 940 713 1004 exhibet
743 951 864 1024 praeter
890 941 1002 1006 Athen.
1033 940 1072 1006 V.
1105 939 1179 1005 199.
1203 940 1240 1004 Α.
1268 936 1356 1014 cicade

264 1051 300 1112 ἐκ
314 1043 496 1132 παρδαλῶν
516 1039 694 1128 δερμάτων
712 1042 939 1133 ἐρραμμένος,
959 1043 1011 1106 ubi
1028 1035 1093 1109 cod.
1105 1043 1160 1126 Ep.
1175 1035 1357 1129 παρδάλεων

263 1150 386 1233 praebet
406 1167 481 1210 vero
502 1145 653 1229 propines
665 1147 718 1210 scd
738 1147 888 1209 interdum
907 1167 969 1210 non
992 1155 1147 1210 eontracta
1172 1144 1299 1232 absolute
1312 1165 1357 1228 po·

263 1249 493 1333 sitareperitur
514 1245 632 1315 κανεία
655 1238 758 1333 λευκή
782 1246 889 1312 Galen.
914 1248 990 1340 Eup.
1015 1247 1039 1310 1.
1063 1245 1096 1328 9,
1119 1245 1193 1311 301.
1219 1245 1268 1310 111.
1291 1245 1355 1310 517.

263 1352 300 1415 Τ.
316 1351 412 1414 ‘XlV.
437 1347 574 1420 λακεῖοιν
597 1347 790 1417 ἐπιτίθεται
812 1349 917 1436 Polyb.
933 1350 986 1414 Vl.
1000 1349 1063 1430 22,
1079 1349 1112 1414 3.
1136 1345 1285 1438 ἀπέδειρε
1297 1348 1357 1415 ποῖ-

183 1513 186 1520 ,
264 1477 330 1522 σαν
350 1453 415 1540 τήν
442 1447 671 1540 α’νδρωπηΐην
698 1452 829 1516 Herode.
854 1452 892 1516 V.
916 1452 1017 1536 25³⁹)
1044 1449 1110 1538 τήν
1134 1449 1248 1520 dacica
1267 1449 1358 1518 ἐκδεί-

257 1581 326 1644 ρας
349 1556 471 1620 Babrias
504 1555 612 1618 Snidae
644 1577 670 1618 s.
701 1548 822 1637 Ὀνεία,
851 1549 915 1639 τήν
941 1553 1116 1635 λεοντείων
1137 1547 1356 1645 περιεβάλλετο
1423 1557 1424 1630 ᾗ

263 1660 306 1724 ld.
329 1681 356 1724 s.
381 1654 560 1728 Λεοντείοι.
606 1657 686 1721 Haec
708 1656 801 1740 igitur
822 1653 987 1740 adjectiva,
1011 1679 1087 1740 quac
1110 1659 1180 1742 quid
1202 1678 1310 1742 quoquc
1328 1657 1354 1719 in

264 1762 332 1826 loco
354 1761 536 1846 significent,
558 1760 761 1823 tantummodo
785 1779 825 1822 cx
847 1760 1068 1824 continentibus
1097 1759 1228 1846 perspici
1256 1771 1352 1846 potest,

266 1864 397 1950 epitheta
428 1863 576 1928 defectiva
602 1862 750 1942 dixerim,
782 1860 839 1926 boc
859 1872 930 1943 est,
960 1883 979 1926 a
1004 1861 1164 1948 complexu
1192 1863 1354 1928 substantivi

268 2055 477 2070 m

338 2155 383 2225 18)
400 2128 554 2210 θεοσοδίλεδ
571 2159 719 2211 Frcundins
739 2161 765 2210 in
777 2159 842 2228 Lex.
857 2160 917 2212 Lat.
932 2160 1037 2227 scripsit
1049 2161 1192 2226 penultimo
1203 2165 1313 2226 correpta
1322 2171 1356 2223 ap

265 2244 399 2311 positoque
416 2258 507 2308 graeco
518 2242 705 2311 τροκοδειλέοι,
730 2247 796 2313 quod
809 2246 981 2298 Schneiderus
1000 2263 1034 2298 ex
1047 2245 1140 2298 Galen.
1156 2248 1187 2298 do
1200 2245 1266 2298 Med.
1281 2243 1354 2310 Simpi.

265 2329 301 2380 X.
319 2331 362 2385 29.
378 2328 462 2380 affert.
483 2328 580 2382 Verum
595 2332 621 2382 id
635 2348 717 2400 neque
737 2334 784 2383 boc
802 2333 857 2383 loco
874 2333 972 2398 legitur
984 2348 1065 2399 neque
1083 2331 1113 2382 L.
1133 2331 1166 2383 V.
1188 2333 1228 2385 18.
1245 2332 1286 2383 scd
1303 2348 1356 2396 κρο-

264 2411 386 2468 κοδείλου
397 2411 505 2481 κόπρον
518 2424 594 2466 vocat
607 2423 636 2467 nt
651 2415 757 2469 Nonnus
770 2417 881 2469 CCLXI.
897 2419 958 2474 295.
973 2418 1080 2486 aliique.
1117 2418 1278 2485 Adjectivnm
1297 2413 1355 2466 femi·

263 2501 323 2552 nine
337 2501 471 2552 dicendum
484 2508 543 2552 crat
554 2487 755 2569 κροκοδειλεία,
765 2501 920 2555 crocodilea.
1115 2495 1117 2500 ¹

332 2601 379 2670 19)
396 2603 437 2654 Ex
447 2605 494 2654 boc
504 2621 554 2654 uno
566 2604 636 2656 fonte
650 2605 740 2658 bausit
753 2607 845 2658 Pollux
852 2607 882 2658 11.
896 2609 919 2660 5.
941 2585 1062 2658 Ceteium‘
1076 2609 1102 2658 in
1119 2599 1289 2677 οἷνδρσιπηΐη,
1303 2602 1355 2670 qnod
1423 2589 1424 2610 ¹

264 2691 307 2742 bic
328 2685 466 2757 οἷνθραπῆ
483 2690 591 2750 scribit,
610 2691 697 2760 Etym.
712 2691 746 2744 M.
764 2693 825 2754 257,
844 2691 890 2745 47.
907 2687 1055 2760 doceant,
1073 2693 1237 2744 consentiunt
1253 2687 1356 2742 Herodoti

264 2778 376 2836 codices,
400 2775 585 2826 variantvcro
602 2778 628 2828 in
647 2773 793 2847 oipostcdp‚
811 2774 944 2846 ιδμοβοΐη,
963 2773 1100 2848 (δμοβοείη
1117 2778 1174 2832 Vil.
1195 2779 1236 2833 ot.
1259 2783 1285 2830 ut
1299 2773 1355 2826 etin

264 2858 352 2929 κονεὴ,
371 2859 444 2928 κυνῆ,
465 2861 510 2912 sed
527 2862 641 2927 pluralia
658 2865 708 2914 sibi
726 2872 854 2924 constant,
873 2860 924 2918 cois
942 2859 1044 2933 αἰγέαν,
1063 2861 1114 2918 cais
1132 2861 1297 2926 α’λοιπειιέιιε,
1317 2854 1357 2914 adt

265 2943 422 3014 παρδαλέας
442 2954 487 3000 καὶ
505 2943 640 3003 λεοντέας.
663 2942 809 3018 Ἀνθροιπὴ
829 2950 896 3018 apud
911 2949 1008 3000 Suidan
1026 2965 1048 3000 s.
1069 2947 1166 3020 Σῦφορ
1185 2949 1302 3002 scribitur
1318 2959 1356 2996 ou·

266 3033 361 3099 uiaque
382 3031 478 3082 similia
495 3033 522 3083 in
540 3034 614 3084 libris
630 3037 801 3102 posteriorum
819 3037 975 3104 scriptorum
994 3043 1126 3086 acuuntur
1143 3029 1250 3101 λεοντή,
1266 3026 1357 3095 σαρδο-

267 3115 310 3186 λή,
329 3133 375 3168 ncc
393 3117 478 3168 minus
497 3113 577 3188 καλή,
595 3117 715 3190 σησαμῆ,
734 3117 816 3190 φακῆ,
841 3115 997 3191 θυγατριδοὶ
1017 3121 1109 3173 Liban.
1130 3121 1202 3173 Deci.
1220 3119 1251 3172 Τ.
1264 3117 1293 3170 ΙΙ.
1309 3113 1355 3168 bid·

265 3197 418 3274 θυγατριδῆ
435 3203 544 3271 Appian.
560 3205 617 3258 Giv.
634 3205 666 3258 V.
680 3205 723 3268 74,
736 3207 779 3262 tt.
798 3213 866 3258 utet
886 3201 1015 3276 δδελφιδὴ
1036 3215 1096 3258 ante
1112 3209 1255 3259 Bebkernm
1270 3201 1347 3268 legeba-

266 3297 311 3341 tur
326 3290 353 3340 in
365 3289 437 3340 Dein.
453 3305 477 3340 c.
493 3290 587 3342 Leocb.
603 3309 628 3359 p.
646 3291 722 3352 1084,
744 3281 787 3347 12.
803 3299 829 3342 et
844 3289 924 3362 ε’ρινοί
933 3293 1042 3344 Aristot.
1058 3294 1090 3344 H.
1105 3293 1155 3345 An.
1171 3292 1205 3344 V.
1223 3293 1263 3346 32.
1277 3305 1298 3356 p
1309 3283 1356 3338 55⁷·

266 3378 311 3434 28.
331 3376 375 3426 ubi
400 3391 490 3442 parurn
516 3379 620 3444 expedit
645 3377 796 3428 Schneideri
820 3380 998 3430 commentatio
1023 3379 1054 3430 Τ.
1078 3379 1120 3432 111.
1143 3379 1203 3433 303.
1229 3384 1255 3428 et
1277 3373 1352 3438 legitur

267 3464 414 3514 etiamnunc
432 3464 459 3514 in
480 3461 545 3513 Poll.
561 3462 617 3514 vlt.
642 3464 702 3518 143.
721 3472 752 3514 ut
768 3461 853 3530 κοινή
870 3464 979 3530 Appiae.
1007 3464 1064 3516 Civ.
1081 3464 1112 3520 V.
1136 3482 1159 3517 c.
1183 3464 1241 3518 109.
1255 3449 1354 3531 ΔροιναδΙ

266 3549 352 3600 Diosc.
373 3547 437 3600 Mat.
455 3546 487 3599 11.
508 3564 531 3599 c.
551 3549 614 3605 207.
641 3557 668 3600 ct
686 3549 876 3600 ecntena‘talia
894 3567 943 3601 non
961 3551 992 3602 ab
1018 3568 1106 3602 errore
1129 3551 1291 3603 scribentium
1313 3555 1355 3612 pro·
1423 3573 1424 3588 ι

268 3635 345 3697 fecta,
360 3635 405 3686 sed
421 3635 452 3686 ab
467 3634 568 3685 haeresi
580 3651 679 3694 corum,
699 3637 743 3702 qui
760 3630 917 3706 οἶμσγδαλαλ
932 3639 1137 3704 pronunciarnnt
1148 3645 1178 3688 ut
1190 3633 1269 3688 nadal
1278 3631 1353 3683 Athen.
1423 3625 1424 3648 ¹

268 3720 301 3772 11.
322 3724 365 3776 53.
384 3721 416 3774 Α.
436 3729 464 3790 qt
481 3729 575 3773 neutra
593 3718 670 3789 ε’·ρεᾶ,
686 3718 764 3783 λινοῖ,
782 3719 883 3790 τριπλᾶ
901 3731 932 3774 ut
948 3721 1021 3776 καλοί
1036 3739 1063 3774 v.
1087 3723 1184 3792 Pbryn.
1203 3721 1266 3787 App.
1285 3733 1307 3783 P·
1322 3713 1354 3763 25·

268 3809 364 3860 dnecd.
384 3825 408 3876 p.
425 3811 486 3864 425.
507 3823 583 3874 quam
601 3809 774 3874 corruptelam
793 3823 871 3874 quum
895 3809 960 3860 satis
978 3811 1110 3877 antiquam
1128 3823 1184 3860 csse
1208 3803 1355 3857 ostendissem

268 3895 300 3944 ad
317 3893 416 3963 Pbrpn.
435 3895 496 3951 234.
524 3895 660 3945 subridens
684 3895 736 3960 logi
759 3895 922 3964 bernbardyi
944 3886 1288 3966 πομφολυγοπαφλάσμαιο
1303 3887 1353 3938 Era·

267 3980 348 4031 tostb.
368 3997 393 4047 p·
410 3982 471 4036 251.
492 3981 536 4047 qui
552 3982 621 4048 quod
639 3981 715 4033 affert
732 3978 840 4048 οἰδηροι
857 3997 902 4047 pro
917 3973 1049 4049 σιδήρεος,
1067 3981 1166 4032 id-iliis
1188 3975 1355 4030 diesimiiimun

268 4080 298 4116 ac
312 4082 343 4117 nc
357 4067 443 4117 infimo
458 4069 560 4139 quidem
575 4067 778 4120 Scholiastarum
791 4067 983 4118 condonandum
1001 4075 1050 4118 est.
1087 4066 1137 4118 Pro
1150 4067 1282 4136 κεραμίσι
1292 4059 1352 4109 Dion.

268 4150 342 4203 Cass.
363 4151 445 4204 LXV.
466 4154 491 4204 3.
512 4169 643 4221 nunquam
660 4155 720 4206 dixi
733 4150 870 4225 uspnipecv
889 4153 1053 4205 scribendum
1071 4169 1145 4215 ease,
1169 4152 1234 4221 quod
1252 4143 1357 4200 sanantur

266 4239 327 4291 mibi
345 4239 450 4300 tribuit,¹
461 4239 514 4313 [ted
534 4239 604 4292 illam
624 4241 780 4308 scripturam
798 4239 905 4292 atticam
922 4255 980 4294 ease
998 4241 1099 4306 negavi.
