2940 4894
310 343 370 410 nn
398 344 560 412 rouro.
590 302 831 414 nouosso.
852 345 878 414 1.
909 349 939 434 a.
961 349 995 416 a.
1163 351 1214 418 aa

98 523 242 591 θέλουσι
267 522 334 610 πρὸ
357 523 421 590 τοῦ
443 510 577 614 νέχειν
602 521 811 614 δίφθογγον,
841 527 871 592 it
893 527 929 592 ale
951 527 1088 594 omuibus
1111 528 1209 594 tribus

98 627 322 711 primitivorum
344 627 616 714 monosyllabarum
641 629 799 711 generibus
821 629 914 694 valet.
944 665 988 678 ··-
1017 629 1051 694 ln
1074 618 1127 698 ὧν
1146 641 1208 696 ter·

99 731 257 794 minantur
273 730 332 792 tria
349 729 537 813 appellativa,
559 731 617 794 luo
634 729 791 796 masculini
810 731 930 816 generis
946 729 1035 800 νλιόν
1054 743 1086 796 et
1100 724 1208 818 πρῶν,

98 853 192 894 unum
215 831 392 896 femininum
414 827 511 920 χθών
531 815 692 896 Herodian.
716 853 746 916 p.
766 832 820 910 32,
841 833 872 898 1.
895 835 996 920 Etym.
1015 835 1057 898 M.
1078 831 1154 911 809,
1172 833 1206 899 3.

98 931 174 996 Nam
197 935 277 1017 qnod
301 935 377 1017 apud
399 934 481 996 snit.
505 933 617 1018 legitur
640 934 742 1022 χώνες
763 939 796 1002 ol
816 934 998 1024 χωνεοταί,
1028 927 1132 1022 parum
1153 957 1209 1002 ex-

98 1035 251 1120 ploratum
273 1037 359 1100 tineo.
395 1035 519 1121 Propria
539 1046 611 1103 sunt
624 1031 687 1102 ,Ὧν
709 1037 791 1102 urbis
807 1038 1006 1123 Aegyptiacae
1029 1059 1138 1102 unomen
1160 1038 1208 1102 in·

99 1138 279 1202 declinabile
307 1150 338 1202 et
357 1130 449 1207 ‘Polo
474 1139 592 1206 lndioae
617 1139 719 1224 Steph.
746 1130 833 1208 Χιόν
854 1133 978 1214 Χωνός
1003 1135 1114 1228 ὄνομα
1142 1165 1209 1208 auo-

96 1240 215 1325 ταμοῦ
245 1245 278 1318 ἐξ
304 1232 346 1306 οὗ
372 1241 430 1308 καλ
454 1237 477 1324 ἠ
497 1236 660 1328 Ἡπειροι
680 1240 806 1320 Χωνίοι
830 1241 1013 1328 Theoguost.
1036 1243 1069 1308 in
1090 1244 1205 1308 Aneed.

99 1343 204 1406 Crem.
231 1342 270 1405 ll.
296 1341 369 1406 131.
393 1363 437 1427 sq.
459 1345 581 1418 Χῶνες
604 1366 678 1429 gens
700 1344 800 1410 italioa
821 1345 858 1408 ala
880 1345 1008 1410 Heroule
1030 1345 1134 1410 Chone
1156 1365 1207 1430 ap·

96 1445 211 1530 pellata
234 1445 336 1530 Etym.
356 1446 399 1510 M.
418 1443 496 1522 816,
517 1444 573 1512 27.
596 1457 660 1510 tum
682 1447 764 1516 Θιόν
786 1447 926 1522 Ouium
947 1441 1060 1534 ὄνομα
1080 1443 1209 1532 κύριον,

97 1543 184 1632 ὅπερ
203 1545 428 1633 σεσημείωται
446 1545 490 1622 οἷς
506 1541 618 1634 μόνον
636 1554 671 1615 ἐκ
689 1544 831 1616 πάντων
851 1549 921 1616 τοῖν
937 1545 1209 1636 μονοοολλολβιον

97 1645 367 1734 περισπώμενον
383 1650 440 1718 aul
457 1647 510 1717 ιλιοὶ
530 1650 593 1718 τοῦ
610 1639 653 1718 ιῙι
670 1643 871 1737 κλινόμενον
887 1652 1001 1716 Aneod.
1018 1652 1118 1716 Cram.
1137 1651 1159 1714 l.
1178 1672 1206 1715 e.

99 1753 177 1818 132.
196 1753 294 1817 Bell.
313 1752 407 1818 1222.
432 1763 464 1818 et
484 1763 650 1838 oxytonum
669 1749 749 1822 Θιλν
767 1753 901 1834 Θῶνος,
924 1765 1051 1820 aoeeuta
1072 1753 1210 1818 anomale

99 1877 165 1920 non
185 1857 283 1920 solum
306 1855 338 1918 in
360 1855 482 1920 llomeri
503 1855 606 1932 libris,
629 1857 681 1922 sed
704 1856 793 1920 etiem
815 1877 862 1940 ap.
885 1857 1026 1922 Philostr.
1045 1855 1083 1922 V.
1107 1855 1207 1940 Apoll.

99 1957 170 2022 Vll.
188 1958 245 2033 22,
262 1956 336 2022 302.
355 1958 458 2042 Stepla.
478 1979 504 2022 s.
520 1957 643 2037 Θῶνις,
662 1957 790 2043 Gregor.
806 1958 883 2024 Nuz.
901 1958 1001 2022 Carm.
1018 1957 1070 2024 50.
1087 1981 1117 2044 p.
1134 1956 1208 2023 119.

100 2061 252 2144 aliosque,
275 2079 361 2144 quem
379 2060 582 2139 Grammuliei‚
603 2081 676 2144 quos
695 2061 859 2137 nominavi,
883 2072 914 2126 et
929 2061 1060 2126 loannes
1079 2063 1115 2124 de
1130 2060 1208 2124 Tou.

100 2185 131 2248 p.
158 2161 213 2226 10.
239 2173 379 2246 repetunt
403 2184 444 2226 ex
465 2163 599 2248 pleniore
624 2163 751 2247 genitivi
776 2164 873 2228 lorma
895 2163 1051 2241 Θέωνος,
1081 2183 1138 2247 qua
1158 2161 1211 2226 Ju-

100 2267 204 2330 stinns
220 2266 317 2328 utitur
330 2265 457 2329 Pernen.
475 2287 503 2329 o.
518 2262 572 2329 28.
590 2285 619 2348 p.
634 2263 690 2330 27.
708 2265 759 2329 vel
774 2257 907 2339 Θώνιος
921 2265 1047 2330 Nioead.
1063 2265 1119 2328 Th.
1133 2262 1209 2328 313.

101 2360 373 2442 νε1Θόωνοςίσ
395 2368 479 2432 oold.
503 2366 627 2430 Luoian.
651 2366 742 2432 Alex.
767 2369 796 2450 §-
820 2367 852 2432 5.
893 2367 1063 2452 Eodemque
1084 2377 1211 2432 accentu

102 2472 249 2536 soribitnr
269 2469 417 2555 Πρῶνος
443 2470 595 2554 genitivus
619 2468 749 2534 nominis
774 2469 865 2553 topioi
886 2469 1014 2534 Pausaa.
1038 2467 1078 2532 ll.
1101 2491 1130 2532 σ.
1154 2468 1210 2545 34,

103 2572 157 2638 10.
183 2582 216 2636 et
236 2572 295 2648 35,
318 2572 350 2636 3.
379 2571 444 2655 (ubi
467 2571 640 2636 Sietelisius
662 2563 809 2658 Πρωνός
830 2572 964 2657 scripsit)
988 2571 1039 2633 vel
1060 2571 1096 2634 ad
1118 2569 1212 2653 signi·

103 2676 252 2740 lleandam
267 2674 446 2761 synaeresin
468 2685 503 2738 ut
523 2675 616 2754 lnior,
630 2673 750 2760 νῆσος,
771 2667 864 2759 ἦρος,
887 2671 935 2737 vel
957 2668 1107 2746 ntlllrtoe
1127 2669 1212 2756 πρὸς

102 2774 367 2863 οἶνοιδιοοτολὴν
388 2776 452 2842 τοῦ
472 2777 717 2863 προσηγορικοῦ
736 2775 853 2840 Aneel.
877 2797 906 2860 p.
926 2774 1021 2840 1222.
1046 2775 1147 2860 Etym.
1166 2775 1210 2838 M.

103 2904 133 2966 p.
159 2879 244 2955 826,
275 2878 326 2944 18.
357 2881 434 2964 quod
462 2901 482 2942 a
508 2879 629 2964 proprio
656 2899 760 2964 purum
789 2878 928 2944 distinxit
954 2873 1152 2942 Buttmainnus
1180 2876 1213 2940 in

103 2983 208 3048 lodiee
229 2981 350 3047 Nomm.
372 2982 512 3046 Anomm.
536 3002 563 3046 s.
587 2980 618 3047 h.
641 3003 674 3048 v.

195 3291 338 3376 Sequitur
361 3276 504 3376 litera-9⁸.
540 3289 642 3376 Etym.
665 3289 708 3354 M.
731 3288 814 3367 817,
836 3289 890 3355 42.
921 3281 981 3356 δύο
1008 3280 1100 3376 μόνοι
1128 3286 1216 3386 eloi-as
1286 3313 1289 3320 ·

104 3393 265 3484 ὀνόματα
291 3398 339 3469 εἰς
366 3379 428 3480 so,
464 3387 537 3479 ψᾶρ
564 3391 621 3458 aul
648 3383 729 3476 ια’ρ,
763 3389 851 3478 οἵπερ
877 3389 1061 3478 προσθέσει
1087 3391 1150 3458 τοῦ
1177 3413 1215 3464 oe

104 3498 269 3567 ιιλίνεται.
310 3495 529 3582 Appellativnm
553 3492 690 3558 neutrius
717 3497 838 3581 generis
860 3487 941 3582 uolo,
970 3495 1048 3560 nolle
1071 3492 1215 3578 composi·

106 3616 172 3668 tum
196 3612 244 3665 est
263 3603 402 3687 ἔγιοιρος
423 3598 445 3662 i.
464 3619 494 3662 e.
517 3595 698 3685 ἐγκέφαλος
720 3598 924 3674 cer-earum,
948 3619 1009 3660 non
1028 3595 1140 3680 legitur
1157 3594 1217 3658 nisi

106 3702 380 3792 praepositionibus
401 3701 572 3784 adjunctum
593 3695 661 3768 α’νιλ
682 3691 758 3787 atio,
780 3697 866 3768 ιιοιτολ
888 3691 962 3786 uelo,
984 3698 1132 3762 interdum
1155 3717 1216 3760 uno

109 3808 164 3872 suh
194 3815 340 3879 aeeentu,
375 3801 420 3867 uti
448 3801 589 3866 adverbia
616 3803 734 3883 soleuta
771 3823 927 3866 eommune
953 3794 1016 3888 mio
1044 3800 1216 3885 significans
1299 3784 1304 3797 ’

108 3905 288 3997 πρόβατον
310 3917 342 3970 et
363 3911 493 3992 φθεῖρον
516 3904 678 3991 (Hesyoh.)
706 3903 844 3968 nonnulli
867 3904 899 3967 in
922 3903 1073 3967 homerico
1097 3901 1156 3969 uio
1180 3900 1217 3968 δέ

107 4036 173 4102 μιν
202 4017 240 4077 ἐν
269 4006 371 4096 neoda
399 4007 480 4099 οἴσῃ
508 4007 647 4071 invenire
677 4007 733 4071 siti
761 4006 821 4070 visi
850 4017 939 4082 sunt,
978 4007 1062 4091 eujus
1091 4003 1217 4092 genitivi

107 4115 196 4202 alpha
219 4114 400 4180 naturaliter
416 4115 538 4198 longum
556 4111 654 4176 ionioe
674 4119 842 4194 correptum
860 4130 940 4186 esse,
963 4119 997 4172 ut
1012 4106 1218 4194 λελασμένος
1254 4175 1257 4182 ,

107 4219 209 4285 Schol.
233 4219 269 4283 ll.
298 4215 443 4284 matu.
481 4214 625 4312 Cetemm
644 4211 895 4299 signilioetionum
916 4212 1036 4278 illarum
1057 4209 1217 4294 vestigium
