2940 4894
334 331 394 397 llll
421 323 587 399 NOhllll.
617 331 788 400 Itonos,
819 329 902 398 (1.1.
933 333 962 417 §-
984 333 1016 398 t.
1146 372 1152 382 ·
1185 333 1235 400 88

111 509 182 597 puod
206 509 402 596 Sylburgins
424 511 589 576 Pausaniae
611 513 736 577 reddere
758 511 932 587 conabatur,
956 521 988 576 et
1008 502 1129 598 rapacia,
1153 514 1233 578 undu

108 610 317 699 πριιιμενῆς
348 615 456 699 pendet
482 625 513 679 et
540 614 739 703 Πρευγένης
765 615 893 679 Pansan.
916 613 983 678 VII.
1012 612 1069 690 18,
1092 613 1126 679 4.
1156 615 1233 680 ιιιι111

107 716 228 778 illorum
259 715 441 779 innotuisse
469 717 606 792 videtur,
641 737 697 780 uec
725 716 819 802 magis
846 717 1084 803 monosyllabum
1111 712 1174 804 pale
1200 718 1233 782 iu

107 817 249 902 inscript.
273 817 416 903 Phanag.
439 817 479 882 N.
499 817 596 885 2727.
618 819 687 883 Vol.
708 817 746 882 II.
771 819 862 902 Corp.
883 817 978 884 lusor.
1002 811 1069 906 ηὖν
1091 818 1125 886 tt
1149 841 1234 887 οιιν-

23 1006 24 1024 .
105 913 225 1006 ηροῖοιν
255 920 379 1009 χῶρον
406 907 493 1010 ἔχοις
521 921 723 1009 φθιμένων,
754 922 839 1006 cujus
865 922 1033 986 emendatio
1056 921 1153 986 facilis
1179 922 1232 987 sed

22 1034 23 1048 ¹
104 1024 223 1086 Incerta
248 1033 320 1086 est.

190 1169 324 1242 Οὐδὲν
351 1179 399 1252 cic
426 1159 484 1251 ἆξ
504 1165 597 1264 λη’γιι
623 1167 675 1240 ὅτι
700 1167 751 1260 μοὶ
778 1161 890 1260 μόνον
918 1167 957 1240 ου’
984 1171 1037 1250 οἷς
1062 1173 1119 1242 eal
1145 1169 1233 1262 παρ’

103 1269 280 1352 Ἀττικοῖς
305 1277 355 1350 τὰ
370 1285 477 1365 φθοῖς
500 1277 599 1341 Schol.
624 1275 702 1338 Ven.
727 1273 778 1339 III.
804 1271 878 1340 198.
905 1275 1071 1340 Paullulnm
1094 1277 1232 1342 immutat

21 1433 22 1438 ,
105 1375 208 1464 Etym.
231 1381 283 1444 M
313 1378 389 1461 620,
412 1380 467 1447 23.
494 1383 524 1446 οἱ
543 1374 594 1466 μή
615 1369 727 1464 μόνον
749 1401 787 1444 uo
779 1373 863 1451 οἷς
884 1401 953 1464 nep
960 1371 1154 1454 ’Ἀττικοῖς
1175 1379 1232 1448 eol

103 1477 140 1543 ud
166 1488 311 1565 φθοῖς,
344 1505 418 1567 quae
442 1482 556 1568 pariter
582 1480 673 1544 attica
696 1489 777 1546 snut.
823 1479 940 1544 Nomen
966 1481 1081 1568 poldon
1101 1481 1229 1548 Aristot.

106 1579 206 1646 Probl.
229 1583 418 1648 XXXVIII.
440 1583 472 1648 7.
497 1585 573 1670 quod
594 1583 768 1670 plerumque
790 1581 897 1670 ppidcc
919 1583 1072 1660 scribitur,
1098 1583 1231 1670 siugula-

105 1703 169 1746 rem
190 1685 319 1750 hebere
342 1697 430 1771 negat
454 1685 641 1771 Phrynichus
663 1688 737 1771 App.
761 1707 790 1770 p.
815 1683 939 1750 70.—
897 1686 1208 1772 -Monosyllaba
1198 1707 1231 1751 ιιι

108 1808 166 1858 occ
191 1788 407 1874 parisyllabac
430 1788 636 1854 decimationis
660 1798 692 1851 et
712 1787 951 1874 imparIsyIlabae
973 1789 1122 1872 permixte
1145 1789 1232 1853 exhi-

106 1887 158 1950 bet
177 1889 439 1976 Herodianusp.
464 1889 523 1966 14,
545 1867 599 1956 23.
633 1886 787 1964 Μοῦς’
769 1915 786 1955 ο
811 1881 998 1980 λῃστήςν
963 1889 1010 1975 (v.
1033 1890 1168 1955 Wessel.
1194 1893 1232 1956 ed

108 1987 192 2052 Diod
210 1992 293 2055 XV.
314 1991 374 2078 3.,)
396 1991 509 2072 ιινοῦς,
532 1990 629 2082 βοῦς,
652 1987 728 2076 οὓς,
751 1985 849 2073 πούς,
873 1993 950 2078 quod
971 2015 1063 2056 unum
1086 1993 1143 2058 huc
1164 2015 1231 2079 per·

111 2090 185 2154 tinet
201 2103 389 2180 temereque
408 2117 473 2159 cum
491 2096 639 2178 prioribus
657 2095 814 2160 confusum
831 2107 895 2174 est3
919 2115 987 2158 uam
1006 2095 1057 2160 illa
1075 2097 1231 2180 diphthon-

22 2200 23 2206 ’
110 2214 176 2276 gum
203 2197 260 2260 vel
286 2197 423 2260 vocalem
444 2197 563 2282 longam
587 2197 713 2274 hahent,
746 2192 832 2270 πούς
855 2218 929 2262 νοιο
956 2209 987 2262 et
1008 2193 1107 2274 ὁδούς
1132 2199 1230 2264 auctis

112 2296 234 2379 syllabis
253 2300 297 2364 ad
315 2299 445 2362 nativam
462 2299 639 2364 brevitatem
655 2289 732 2381 (πός
750 2311 781 2364 ct
799 2289 910 2382 o'do'vc)
924 2299 1113 2364 relabuntur.
1145 2301 1229 2368 Unde

110 2401 250 2481 arguitur
276 2400 548 2466 Grammaticorum
569 2424 672 2491 error,
697 2413 803 2466 contra
824 2401 972 2466 rationem
994 2401 1060 2465 fieri
1082 2403 1230 2468 affirmau-

114 2500 182 2561 ῑίιιιιι
201 2505 290 2586 quod
309 2516 468 2588 utrumque
487 2505 605 2568 acuitur
625 2527 657 2566 v.
675 2503 815 2588 Apollon.
837 2504 872 2582 de
887 2503 1018 2566 Adverb.
1036 2525 1065 2586 p.
1081 2503 1156 2580 544,
1173 2505 1227 2570 31.

113 2597 219 2666 locun.
242 2628 281 2690 p.
301 2603 334 2686 7,
355 2603 408 2670 33.
432 2605 546 2670 Anecd.
571 2628 600 2690 p.
623 2605 718 2670 1159.
743 2617 802 2669 etc.
838 2603 936 2690 Atque
958 2599 1057 2680 ὁδούς
1079 2628 1229 2694 nunquam

117 2701 201 2768 aliter
225 2720 368 2772 ructatum
392 2719 456 2787 cst;
492 2709 616 2772 alterius
638 2719 780 2772 accentus
805 2707 904 2772 miuus
930 2709 986 2772 sibi
1009 2717 1145 2787 constet,
1177 2709 1230 2774 sed

118 2809 190 2887 quod
212 2810 417 2878 Buttmannus
443 2811 515 2874 dicit
537 2811 669 2874 Gramm.
694 2812 723 2896 §.
747 2811 801 2876 41.
824 2811 903 2874 Adn.
927 2809 960 2876 8.
989 2811 1083 2876 multo
1111 2811 1230 2895 saepius

118 2909 201 2984 ποῦς
223 2911 289 2998 legi
309 2935 395 2996 quarn
413 2905 512 2992 πούς,
534 2915 608 2978 adeo
627 2913 733 2978 falsum
758 2925 816 2990 est,
841 2925 875 2978 ut
892 2936 963 3000 prae
982 2915 1082 2978 decem
1103 2913 1229 2978 circum-

118 3006 258 3079 hexionis
283 3017 432 3102 exemplis
456 3027 575 3080 centum
598 3015 750 3080 contraria
771 3015 899 3101 proferri
921 3017 1048 3102 possint.
1086 3017 1148 3080 Soli
1170 3015 1230 3079 Ile·

120 3114 221 3196 sycnio
248 3129 354 3182 notum
378 3113 549 3203 Σοροιις*
531 3143 548 3184 ο
573 3117 744 3204 οιροιιθος
771 3119 828 3186 uei
853 3113 996 3208 ὄσπριον
1024 3121 1229 3202 quaestionem

122 3212 277 3284 detrectat.
323 3221 508 3306 Neutrum
498 3243 531 3285 ιιι
557 3221 612 3284 hoo
635 3243 761 3286 numero
788 3241 882 3284 unum
906 3221 1156 3308 deprehenditur,
1190 3217 1229 3287 ud

122 3309 176 3391 θῦς
196 3314 376 3390 αἰιλιιόνέ
361 3328 470 3405 ἐστιν,
500 3318 601 3390 ov’ttc
621 3321 685 3412 peip
709 3319 887 3412 οὐδέτερον
911 3327 959 3398 εἰς
980 3347 1039 3397 ovs
1061 3322 1170 3412 λήνει,
1199 3325 1231 3390 εἰ
1344 3353 1347 3360 ·

122 3415 168 3506 pp
187 3417 304 3508 μόνον
325 3451 364 3492 νο
385 3422 445 3502 οὖς
468 3425 703 3490 Choerobosc.
694 3447 726 3490 ιιι
747 3425 849 3513 Etym.
873 3426 917 3490 Μ.
940 3423 1016 3492 839.
1040 3419 1073 3489 8.

631 3644 659 3727 5.
685 3642 717 3710 5.

204 3779 260 3844 llis
288 3781 440 3867 percursis
468 3800 562 3866 pauca
590 3779 773 3866 subjicienda
802 3791 873 3846 sunt
900 3781 936 3845 de
965 3779 1104 3845 consonis
1132 3781 1228 3864 sigma
1282 3853 1293 3887 r
1349 3862 1350 3866 Ἰ

128 3873 209 3944 bnale
231 3886 489 3950 antecedentibus.
533 3883 591 3947 Est
615 3893 716 3946 autem
743 3883 864 3946 unicum
892 3883 979 3967 hujus
1005 3883 1227 3948 terminationis

130 3996 230 4048 nomeu
258 3987 443 4072 primitIvnm
472 3987 608 4072 idemque
622 3985 669 4054 ,iu
699 3984 848 4048 communi
876 4006 935 4048 usu
963 3985 1089 4070 positum
1121 3983 1139 4052 ὁ
1166 3982 1228 4060 c‘ilc

130 4076 264 4152 Herodot.
289 4087 341 4152 IV.
367 4087 451 4154 185..
471 4089 599 4154 Aristot.
622 4086 723 4152 Probl.
752 4085 776 4150 I.
800 4083 853 4150 38.
883 4086 950 4151 VII.
973 4087 1006 4154 9.
1036 4100 1068 4152 et
1093 4090 1153 4152 alio
1180 4088 1227 4152 in·

133 4181 232 4253 ellectu
260 4186 384 4278 η’ἅλς,
418 4211 586 4278 quanquam
611 4189 686 4256 illud
712 4189 888 4276 plerumque
916 4191 1075 4278 pluraliter
1100 4191 1241 4269 dicitur,
