2914 4882
146 301 204 369 DE
218 298 357 368 NOMIN.
380 296 535 365 autnon.
550 297 602 364 ΕΤ
618 296 746 366 80081.
763 295 1005 367 canarolo.
1024 299 1053 386 5.
1070 297 1123 368 10.
1146 303 1216 372 576

100 480 233 568 negavi,
264 479 377 566 legitur
405 479 439 544 in
460 477 707 564 descriptionibus
735 477 835 544 atticis
864 478 953 556 aevi,
989 478 1066 563 quod
1095 481 1216 562 dicitur,

100 584 227 651 mmani
248 606 282 648 v.
305 582 428 668 Taylor.
452 582 489 644 ad
515 581 589 666 Lys.
614 577 690 644 766.
714 579 809 644 lusor.
842 580 907 645 Art.
931 579 971 644 N.
998 577 1071 644 181.
1095 583 1219 652 Katt-

101 711 171 774 ιιτη
195 687 320 750 Calacta
340 693 447 748 vocata
468 692 516 748 est
537 684 621 758 urbs,
644 699 732 766 quam
754 694 874 748 veteres
899 679 1000 767 Καλή
1023 679 1108 770 α’κτή
1132 685 1219 752 dixe·

102 801 183 854 runt
213 811 245 852 v.
271 787 398 850 Casaub.
429 786 465 850 ad
491 785 602 848 Athen.
638 806 667 868 p.
697 782 773 851 273.
798 784 835 848 Ε.
864 782 1083 872 καλαμίνθης
1107 809 1218 852 nomen

99 896 170 979 jam
193 891 271 976 apud
288 887 522 972 Theophrastum
544 885 673 970 legitur,
697 907 794 970 aeque
816 886 979 952 abhorrent
1000 889 1036 950 ab
1059 888 1115 954 hac
1137 912 1218 954 com

103 993 261 1081 positione
290 990 369 1055 tituli
399 989 575 1074 dignitatum
604 998 636 1052 et
663 985 873 1052 officiornm‘
854 983 1158 1080 οιιρωτόμαρταρ,
1195 988 1220 1078 οἱ

103 1092 351 1181 ααλλιᾛμαρτυο
375 1067 726 1178 ὁμιγαλοοοφιστής,
748 1081 998 1178 μεγαλοκήρνξ,
1018 1091 1220 1180 μιγαλοδαλ-

104 1219 203 1288 μων,
234 1196 311 1280 quod
333 1195 503 1280 germanice
525 1194 680 1258 dicendum
703 1193 761 1258 der
784 1191 1032 1269 Groredoenaon,
1057 1204 1092 1256 ut
1115 1194 1219 1261 Palae·

43 1315 47 1320 ’
106 1299 207 1386 opolis
230 1297 282 1361 die
301 1296 353 1362 ΑΙ
351 1295 470 1371 tatodt,·
498 1291 775 1383 ἅριττοιιολείτητ
797 1293 892 1360 inser.
916 1294 1032 1378 Megar.
1055 1293 1096 1360 N.
1121 1295 1216 1362 1226.

105 1422 164 1488 pro
188 1420 247 1484 quo
269 1399 302 1464 in
324 1418 406 1482 seqq.
430 1397 548 1483 saepius
570 1398 683 1482 legitur
696 1396 931 1484 parasyntheton
948 1393 1219 1484 α’ριττοπολιτον·

107 1499 183 1592 τῆς.
228 1500 333 1586 Neque
361 1510 461 1564 umen
490 1500 563 1564 haec
591 1500 716 1564 libertas
742 1499 860 1564 infinita
889 1509 947 1564 est.
994 1499 1148 1566 Platonem
1170 1524 1221 1568 ro-

109 1628 181 1692 gem
205 1603 363 1668 Persarum
383 1601 614 1690 μιγαβαοιλέα
636 1601 763 1677 dixisse,
790 1603 867 1687 quod
890 1603 974 1666 codd.
994 1604 1138 1688 praebent
1152 1603 1220 1674 civ.

110 1707 193 1774 Vidi.
214 1705 289 1772 553.
307 1704 342 1768 C.
366 1724 426 1768 non
449 1704 668 1780 concesserim,
691 1704 799 1768 nedum
822 1705 985 1788 quemlibet
1004 1707 1096 1772 alium
1116 1731 1221 1794 regem

107 1830 266 1894 magnum,
290 1807 347 1870 etsi
371 1805 479 1875 Graeci
499 1807 683 1891 interregem
706 1805 805 1870 dicere
829 1807 924 1872 eoacti
946 1820 1017 1874 sunt
1035 1814 1221 1899 μεσοβασι-

107 1911 184 1981 λέα.
230 1909 278 1974 Ac
299 1909 327 1972 si
348 1909 416 1994 quid
439 1909 470 1972 in
492 1909 548 1974 hoc
569 1930 681 1994 genere
703 1919 850 1974 tentatum
873 1919 931 1986 est,
954 1921 1077 1996 apparet
1098 1934 1139 1977 ex
1157 1935 1219 1984 nuo

109 2012 252 2097 exemplo
275 2011 398 2076 duxisse
421 2012 594 2096 compluria.
640 2009 854 2098 Αἰνόπαρις,
877 2013 1060 2098 αἰνολὲων,
1081 2014 1222 2084 αλνὸλτ-

107 2140 184 2194 αος,
207 2110 391 2201 αἰνογίγας,
413 2105 670 2200 αἰνοτύραννος,
692 2110 896 2202 μονόλυκοέ,
921 2117 1133 2205 μονογέρον,
1155 2115 1220 2207 μό·

108 2240 254 2294 vannos,
274 2215 473 2302 μονονὲλης,
493 2216 684 2303 μονολὲοιν,
703 2220 905 2298 Κακοΐλιον,
926 2219 1144 2308 ααιιογιίτοιν,
1163 2246 1221 2292 να·

108 2318 287 2392 reddendos.
338 2318 395 2382 Sed
423 2311 642 2406 οἰοβουκόλος
670 2321 781 2384 Aeseh.
807 2321 908 2405 Suppl.
932 2319 1006 2386 304.
1036 2323 1081 2388 sic
1105 2336 1140 2390 ut
1162 2329 1221 2394 ior·

110 2415 327 2512 ποβοοιιόλος
349 2421 542 2506 compositum
567 2433 626 2498 est,
650 2443 711 2488 non
732 2423 768 2488 ab
790 2422 951 2508 adjectiso,
977 2423 1055 2506 quod
1077 2425 1223 2494 siiieuis·

109 2538 180 2603 set‚
203 2524 370 2588 Herodotus
391 2523 443 2588 IV.
469 2523 542 2590 149.
571 2546 681 2590 nomen
705 2521 870 2599 Οἰόλυκος
897 2536 931 2588 ut
956 2522 1148 2611 μονόλυκοο
1173 2530 1222 2594 in·

108 2635 296 2712 tcrnretatus
318 2636 399 2690 esset
419 2627 529 2710 potius,
553 2649 638 2712 qnam
661 2627 730 2712 quia
751 2639 836 2712 pater
857 2627 941 2692 illum
965 2625 1008 2702 οἷς
1028 2623 1082 2696 ὄϊν
1103 2634 1141 2696 ἐν
1160 2628 1222 2698 λα’-

109 2753 186 2804 ιιοις
206 2727 423 2812 καταλείψειν
444 2733 522 2817 ἔφη.
565 2730 623 2794 Sed
640 2731 704 2817 jam
725 2730 799 2796 satis
821 2741 923 2816 patere
944 2731 1091 2808 arbitror,
1115 2732 1221 2816 quibus

109 2835 171 2898 hoc
192 2851 287 2916 genus
308 2841 432 2916 regatur
451 2832 572 2908 linibus,
596 2854 693 2918 neque
715 2832 774 2898 erit
795 2834 846 2917 qui
867 2833 904 2898 ad
925 2833 1096 2918 exemplum
1118 2834 1222 2900 Hero-

112 2937 237 3000 doteum
261 2929 279 2998 d
300 2930 542 3021 ἱπποπόταμος
567 2929 809 3025 χαυλιόδοντας
839 2934 955 3023 φαίνει
976 2936 1034 3002 dici
1059 2957 1148 3022 posse
1167 2959 1221 3025 pu-

111 3048 162 3104 tet
179 3032 204 3122 ἦ
221 3027 301 3122 aciae]
326 3031 564 3112 ιιαλλιόιλοντας
585 3035 717 3124 φαίνει,
744 3049 797 3103 aut
823 3039 892 3123 quia
917 3060 991 3104 vasa
1019 3049 1051 3102 et
1078 3037 1145 3102 loca
1166 3062 1221 3104 vo·

111 3149 223 3206 eantur
243 3134 422 3224 αλγλβοοις,
446 3132 653 3226 βιλόστασις,
676 3135 873 3229 deducente,
901 3133 1101 3226 ἱππάφεσιτ,
1124 3136 1222 3228 ἐτνή-

110 3263 221 3331 oveas,
243 3232 444 3326 ζωινήρνσιο,
468 3238 659 3329 clodovaeo,
684 3265 808 3328 quornm
831 3243 976 3308 nonnulla
997 3242 1071 3306 satis
1098 3243 1223 3327 antiqua

111 3354 200 3420 sunt,
221 3341 269 3406 his
290 3353 393 3406 utatur
421 3344 458 3407 ad
480 3345 663 3410 defendenda
689 3346 842 3410 inferioris
870 3344 1050 3410 Graecitatis
1078 3344 1222 3427 figmenta

108 3437 371 3538 βαρβαρόλεξις,
395 3439 671 3532 decesseratque
693 3448 794 3512 Schol.
819 3448 873 3512 06.
895 3449 945 3516 Η.
969 3443 1043 3509 116.
1071 3439 1223 3513 ὀπισθο-

111 3548 235 3628 δίοιξιο,
258 3541 514 3634 πρωτόπλαοις,
544 3541 765 3634 cicatricosam,
796 3570 930 3633 quaeque
958 3547 1018 3611 alia
1043 3547 1081 3610 ad
1102 3547 1218 3634 Phryn.

108 3675 143 3739 p.
167 3648 243 3715 601.
274 3651 398 3716 contuli.
443 3651 508 3716 Nec
535 3651 630 3736 magis
657 3652 839 3738 probandum
866 3646 1046 3737 βούλνοις,
1069 3650 1147 3730 quod
1170 3649 1222 3714 ci·

111 3775 185 3820 cero
213 3752 246 3816 in
275 3755 399 3836 quadam
426 3755 464 3818 ad
491 3753 624 3818 Atticum
656 3752 782 3838 epistola
808 3752 929 3843 abjecit.
976 3748 1035 3812 Sed
1055 3745 1222 3835 βούβοσια

110 3869 145 3924 et
164 3853 376 3945 βούβρωστις
397 3856 516 3942 proprio
538 3856 663 3941 quodam
685 3855 882 3919 continentur
902 3869 1016 3936 genere
1037 3869 1093 3933 per
1114 3873 1220 3918 omnes

110 3957 331 4024 declinationes
345 3979 461 4042 sparso,
483 3954 661 4046 βούλιμος,
681 3950 868 4046 dodonaeo,
887 3945 1070 4040 βούπιινα.
1107 3952 1148 4018 Et
1161 3951 1222 4022 oti·

107 4057 289 4148 ξομιίιοσις
313 4059 402 4125 hahet
423 4061 649 4127 exeusationem
673 4061 891 4144 disputatorum
918 4065 954 4119 ut
975 4047 1219 4140 φααησιπόσια.

105 4156 426 4252 Μιθντοχάραβδιο
458 4163 521 4230 ioci
548 4185 640 4232 66666
664 4163 767 4230 fictum
797 4170 848 4228 est
873 4169 909 4226 nt
936 4150 1222 4246 τοντοχολρνβδιτ,

145 4265 257 4322 eous.
275 4265 398 4336 rma.
951 4267 995 4339 25
