2926 4886
346 1297 735 1388 DISSERTATIO
771 1299 1008 1389 TERTIA.

190 1483 1159 1572 nunnnucr1v1s1uu0e1c1nus.*)

113 1679 266 1763 Miretur
282 1693 410 1756 fortasse
425 1689 533 1775 aliquis
549 1688 577 1754 si
600 1693 754 1776 professus
771 1693 871 1770 fuero,
891 1691 999 1778 longos
1028 1689 1098 1755 illos
1117 1689 1153 1753 ie
1172 1709 1235 1752 mc-

113 1795 283 1881 ncsyllabis
302 1806 333 1858 et
349 1793 532 1878 metaplastis
551 1814 707 1860 sermones
727 1816 769 1860 ex
784 1797 978 1860 adnotatione
994 1796 1031 1860 ad
1045 1796 1094 1880 Aj.
1111 1816 1143 1859 v.
1157 1791 1234 1858 323.

113 1896 226 1982 (325.>
253 1897 445 1982 profluxisse.
492 1896 548 1961 Ubi
569 1918 659 1982 quum
685 1897 829 1983 scriptum
855 1909 937 1964 esset
957 1900 1076 1986 βοτοῑς
1099 1893 1237 1984 σιδηρο-

111 2000 241 2086 ιιμῆσι,
270 2000 302 2062 in
325 1999 456 2063 editione
477 2001 573 2086 prima
595 2000 690 2064 muita
711 1999 853 2086 proposui
879 1999 1045 2066 consimilis
1070 1997 1236 2085 inaequali·

112 2103 187 2166 tatis
213 2101 364 2184 exempla.
410 2101 518 2166 Postea
543 2123 618 2168 vcro
645 2103 787 2167 diuturna
810 2103 856 2166 rei
878 2103 1090 2166 observatione
1114 2124 1133 2166 a
1155 2125 1236 2166 ccm-

111 2205 222 2288 pcsitis
246 2205 400 2268 traductus
422 2227 488 2271 suna
509 2207 547 2270 ad
568 2205 714 2292 simplicia
736 2227 798 2268 uon
818 2205 916 2270 sulum
936 2205 1078 2290 adjectivi
1098 2205 1234 2290 generis,

112 2309 168 2370 sed
195 2307 288 2372 etiam
312 2309 511 2390 substantivi,
542 2331 668 2394 quorum
694 2329 786 2392 quum
811 2307 954 2392 pleraque
979 2327 998 2370 a
1023 2305 1235 2371 Grammaticis

110 2409 144 2472 in
168 2431 297 2474 numero
319 2411 563 2494 metaplastcrum
591 2411 689 2476 relata
716 2421 837 2486 esseut,
869 2409 980 2493 inquo
1006 2411 1078 2494 jure
1105 2409 1148 2472 ita
1173 2405 1236 2474 sta·

111 2513 249 2588 tuerint,
273 2513 483 2596 inquirendum
506 2513 591 2578 duxi.
630 2514 684 2578 His
707 2533 794 2589 vcro,
817 2522 908 2596 prout
928 2511 1056 2576 facultas
1079 2511 1160 2588 tulit,
1184 2513 1235 2576 ab·

111 2614 225 2678 solutis
253 2615 467 2678 revertendum
496 2627 544 2680 est
571 2617 608 2680 ad
636 2615 786 2700 adjectiva
812 2613 977 2700 composita
1006 2634 1170 2699 eorumque
1201 2615 1234 2678 iu

111 2737 250 2802 genere,
280 2717 431 2796 metium,
460 2729 588 2784 accentu
609 2717 786 2784 anomalias.

584 2907 696 2962 CAP.
734 2905 761 2959 Ῑ.

312 3024 365 3089 De
396 3025 621 3093 nominibus
654 3027 695 3092 iu
724 3012 748 3095 ν
778 3025 1034 3091 exeuntibus.

630 3183 660 3266 τ.
684 3181 717 3246 1.

202 3297 235 3363 A'
253 3297 454 3386 simplicibus,
485 3321 560 3386 quae
584 3301 617 3366 in
638 3289 684 3369 αν
708 3301 930 3378 terminantur,
960 3311 1088 3366 accentu
1113 3301 1234 3366 differre

119 3401 263 3490 synthcta
287 3403 454 3488 Stephanus
479 3405 585 3468 docet:
619 3397 791 3492 Ἀιαρνιέν
817 3401 861 3479 uic
881 3400 1029 3480 Αἰνιάν,
1055 3395 1234 3489 bibentur,

117 3500 237 3586 Ἀζάν·
267 3502 359 3573 uarii
380 3499 464 3594 γάρ·
494 3501 534 3573 τὸ
560 3500 762 3574 Τιτανότιαν
784 3499 974 3587 σύνθετον,
997 3516 1031 3569 ut
1052 3496 1234 3590 ψινὸόιιαν

119 3608 231 3672 Julian.
258 3606 309 3672 Or.
335 3609 400 3674 VII.
425 3605 500 3676 234.
525 3609 563 3673 D.
609 3610 685 3674 Huic
707 3609 891 3694 suffragatur
911 3607 1058 3674 Arcadius
1079 3627 1109 3689 p.
1134 3605 1167 3672 8.
1190 3606 1234 3675 ταὶ

121 3715 166 3786 εἷς
193 3696 240 3779 α“ν
267 3702 421 3779 σύνθετα
448 3709 519 3780 cinti
546 3709 667 3779 ἁπλῶν
688 3709 853 3802 ῥημάτων
875 3702 1103 3798 βαρύνονται,
1131 3706 1235 3798 Atyt-

120 3837 208 3896 παν,
236 3807 432 3902 Ἑρμότιαν,
462 3813 658 3883 αι’νοτίταν·
697 3810 736 3881 τὸ
766 3811 802 3880 tt
831 3804 967 3900 ιαρβιὲν
994 3802 1148 3885 ὀξύνεται
1175 3812 1234 3880 ναὶ

119 3913 182 3985 ὅσα
202 3914 255 4006 μή
277 3911 347 3986 cirac*
368 3913 487 3986 ιῖνιλιῑν
507 3910 691 4012 ῥημάτων,
716 3937 778 3981 uuo
800 3917 894 3982 vcrbc
915 3912 1080 4000 simplicia,
1106 3935 1233 4000 quorum

186 4192 211 4260 ’)
228 4191 326 4246 Nomen
345 4193 498 4262 inscriptum
515 4203 557 4248 eat
574 4191 640 4252 κατ’
655 4187 842 4263 ἐπικράτειαν.
