2940 4894
328 264 385 330 nn
413 261 580 330 ucnru.
610 261 779 330 ucucs.
813 261 849 328 a.
871 262 896 330 ι.
929 266 957 352 ς.
981 264 1034 331 ιι.
1175 267 1240 336 ιιι

109 445 141 509 Β.
162 439 314 530 νεκρούς
344 441 560 531 ύγιφιὲποιισι
585 436 702 532 γύπες.
758 435 861 532 Τρύγ
889 443 1057 509 inauditum
1085 454 1152 523 est,
1182 445 1239 512 sed

107 545 240 611 Zeunius
281 547 320 610 in
349 546 417 610 Nic.
440 545 542 610 Ἀλιιι.
578 567 610 612 v.
634 545 688 610 44.
721 539 777 612 ὅτε
807 545 930 632 νέκταρ
959 544 1090 634 ἰύιριβι
1117 543 1236 636 κιῤῥὸν

106 645 281 738 α’ρύισῃς,
306 649 442 712 scrihere
465 659 591 714 conatus
615 659 662 712 est
688 648 740 714 ἐνὶ
760 647 873 738 ιριιβί,
897 649 1082 714 scholiastae
1105 651 1236 736 vestigia

108 771 236 834 sequens
261 751 369 818 οἶνον
390 750 530 840 πιιρῥύν
552 756 589 819 ἐν
610 747 777 838 τρυβλίῳ,
809 751 886 836 quod
916 751 1012 836 ipsum
1041 773 1151 816 nomen
1173 775 1238 818 nom

105 852 190 916 hahet
211 876 275 937 qno
301 856 415 918 referri
438 856 535 938 possit
556 855 615 918 nisi
637 848 745 940 πρύιγ,
777 854 871 934 (true,
895 853 999 936 trulla)
1023 849 1171 945 τρύβλη,
1200 868 1236 922 ιιι

106 949 186 1041 ιρύξ
207 979 242 1021 v.
264 957 297 1040 §-
318 956 352 1022 9.
377 954 519 1044 τρώγλη,
552 951 670 1038 ζεύξω,
700 949 828 1042 ζεύγλη.
873 955 930 1020 Sed
953 958 1083 1024 fortasse
1105 958 1157 1022 ille
1179 957 1235 1024 νέ-

106 1080 185 1147 ιιναρ
210 1060 267 1126 ἐνὶ
292 1058 393 1147 τραγί
417 1060 538 1144 scripsit
559 1059 733 1144 significans
755 1055 915 1146 αραγίαν·
944 1081 1012 1122 nam
1035 1071 1069 1124 ut
1091 1054 1232 1148 ιύτριβι,

107 1161 360 1245 quemadmodum
374 1162 595 1247 lexicographi
610 1161 708 1226 nostri
724 1160 840 1237 volunt,
865 1182 919 1246 pro
937 1159 1087 1252 ιύτριβὲς
1103 1165 1234 1249 positum

105 1265 271 1342 credatur,
306 1265 392 1329 nullo
420 1276 507 1350 pacto
535 1264 689 1350 impetrari
719 1273 829 1347 potest.
882 1260 996 1350 Στύιγ,
1029 1267 1105 1350 quod
1137 1267 1234 1332 Theo·
1291 1329 1294 1337 .

107 1378 232 1448 gnostus
259 1367 367 1431 Cram.
384 1367 423 1432 11.
450 1366 523 1432 134.
548 1366 693 1442 adnectit,
716 1365 776 1430 nisi
793 1351 935 1430 librarius
953 1368 1068 1432 erravit
1081 1389 1135 1452 pro
1151 1362 1234 1436 στύ-

106 1484 163 1551 ιγις
184 1454 238 1534 vel
264 1463 400 1544 στύπος
423 1471 529 1555 stipes,
552 1470 632 1532 unde
656 1468 813 1553 stupidus,
847 1468 951 1534 scalere
974 1470 1104 1534 videtur.
1153 1471 1233 1538 Gen·

108 1569 233 1635 tilicium
245 1565 352 1660 Ῥύιγ
377 1569 513 1638 euomuit
530 1572 715 1656 Stephanus:
738 1565 869 1641 Ῥύπαι
882 1572 939 1638 καὶ
952 1569 1118 1652 Ῥιιπαιά,
1133 1571 1153 1640 ὅ
1167 1599 1233 1642 πο-

108 1671 194 1760 λίτης
217 1671 336 1760 Ῥύιγ.
366 1676 494 1740 Pluralis
513 1675 598 1738 urhis
611 1671 739 1748 Ῥύπες
762 1673 920 1759 legebatur
937 1675 1035 1741 Strah.
1052 1675 1132 1740 VIII.
1155 1675 1230 1744 387.

107 1777 433 1854 anteTzschuckium,
457 1777 507 1863 (pri
530 1799 547 1842 e
570 1777 750 1861 condsq.
774 1788 997 1864 paroxytcnum
1021 1779 1125 1857 edidit,
1148 1792 1233 1846 utet

110 1879 172 1942 ahis
200 1879 283 1944 locis
317 1880 461 1944 scribitur
488 1903 520 1946 v.
547 1881 625 1944 Adur.
650 1881 687 1944 ad
716 1881 847 1966 Hesych.
880 1903 908 1946 s.
931 1873 1071 1964 Ῥύπες,
1104 1883 1237 1950 Siehelis

108 1981 141 2043 ad
173 1981 269 2048 Pctus.
313 1981 434 2046 T.111.
468 1981 541 2050 123.
575 1983 666 2048 etin
697 1984 784 2049 exitu
821 1987 936 2077 separii
964 1985 1074 2050 Aesch.
1108 1986 1230 2074 Fragm.

29 2119 30 2137 ι
109 2081 145 2146 Ν.
167 2081 328 2148 315.·-
280 2085 522 2170 -Sequuntur
550 2087 655 2150 ultimo
688 2085 755 2150 loco
783 2090 905 2152 nomina
932 2090 965 2154 in
1000 2104 1074 2178 ωιγ,
1104 2112 1234 2174 quorum

109 2186 242 2269 regulam
275 2187 372 2252 tradit
401 2187 614 2310 Μοειλιοριιλιιι
645 2189 752 2254 Sched.
786 2212 816 2308 p.
843 2187 969 2255 105.
951 2215 968 2257 c
1000 2185 1055 2278 dp
1078 2186 1148 2260 α’πύ
1168 2194 1232 2260 τού

112 2281 263 2416 ὄγογιαι,
297 2288 385 2358 cnud
407 2285 592 2376 α’ποκιπην
614 2292 670 2360 καλ
691 2316 802 2413 τροιγῃ
823 2293 885 2359 πού
913 2318 930 2358 ο
954 2297 1001 2366 εἰς
1025 2314 1068 2360 ιι·
1100 2293 1143 2362 ud
1165 2295 1230 2384 γαρ

111 2395 154 2466 εἷς
180 2410 238 2483 αιγ
262 2389 428 2483 οἷρσενικύ
450 2387 697 2516 ,αογοαύλλαβα
718 2386 834 2462 πάντα
849 2391 903 2461 ded
925 2396 989 2461 πού
1004 2422 1027 2460 ω
1052 2394 1230 2484 γράφεται,

112 2491 182 2616 ρύιγ
203 2493 243 2563 τύ
269 2497 393 2572 κοινῶς
413 2490 600 2588 ραπύκιον,
622 2491 707 2583 duic}
724 2492 863 2618 ύγόλαξ,
878 2493 975 2580 cndu}
990 2497 1114 2572 εἴθις’
1096 2501 1229 2586 ορνέοι,

112 2591 204 2687 ιλύιγ
224 2599 290 2667 και
312 2609 425 2720 chapp·
456 2599 633 2668 κλίνονται
655 2599 690 2667 et
712 2593 828 2672 πύνια
856 2598 910 2668 deci
933 2601 995 2668 πού
1019 2627 1055 2666 α.
1099 2595 1169 2687 Οιγ
1192 2603 1229 2670 dd

112 2695 263 2789 n‘pnnp',
290 2699 351 2770 ούιι
373 2699 552 2790 ιῖρσινικόν
576 2709 658 2770 ἔστι.
695 2698 783 2792 Ὤγ,
814 2705 892 2789 quod
914 2697 1169 2790 Wyttenhcchius
1191 2707 1244 2770 ad

115 2799 187 2866 Plut.
220 2807 265 2870 de
287 2807 364 2869 And.
389 2807 474 2872 Poet.
498 2830 531 2892 p
555 2807 630 2874 271.
660 2829 678 2871 a
707 2807 810 2870 nescio
839 2827 897 2891 quc
927 2811 1034 2888 ἐοπα,
1064 2819 1185 2874 veteres
1213 2831 1233 2876 a

27 2933 28 2968 1
115 2902 222 2970 futuro
235 2920 384 2992 repetunt
404 2931 436 2975 v.
453 2911 555 2997 Etym.
572 2911 614 3008 Μ.
633 2933 659 2975 s.
686 2933 718 2975 v.
736 2909 893 2974 ethuar.
917 2933 946 2995 p.
970 2909 1066 2976 1494.
1089 2912 1232 2982 masculi·

114 3025 177 3070 num
199 3022 253 3074 est
267 3010 354 3075 Aret
373 3012 446 3076 Cur.
463 3012 519 3078 Ac.
535 3013 559 3077 1.
575 2994 609 3090 5,
632 3013 709 3079 217.
735 3009 780 3098 ἢν
789 3005 950 3098 ξύμπας
961 3013 1020 3099 (suc
1036 3016 1102 3080 cod
1123 3015 1229 3102 Febr.)

115 3111 304 3201 ιιιαίιιιγταί
326 3121 359 3182 οἱ
381 3111 436 3201 ύιγ
459 3127 490 3182 et
512 3121 542 3184 εἰ
565 3141 651 3191 απις
673 3115 1127 3200 ot'dcdesigc.ltiuu.1.15,
1153 3116 1227 3182 116.

119 3212 273 3298 putore*
244 3241 375 3284 ωπεσσι
399 3219 524 3282 Maxim.
548 3242 580 3284 v.
600 3219 674 3284 157.
705 3215 786 3294 τούς
809 3212 903 3294 ὦπας
924 3219 1036 3286 Athen.
1060 3219 1127 3284 Vll.
1151 3219 1228 3287 287.

117 3316 150 3380 Α.
167 3319 222 3386 IX.
249 3321 326 3386 367.
349 3321 388 3386 Α.
413 3322 563 3386 Maximus
586 3323 711 3386 Plauud.
735 3324 768 3386 in
785 3322 887 3388 Germ.
915 3323 1021 3386 Boeth.
1039 3323 1082 3386 X.
1108 3321 1139 3390 3.
1164 3325 1231 3403 (uhi

118 3415 264 3489 Weberus
280 3430 376 3504 errat)
392 3425 494 3510 Etym.
504 3427 547 3491 M.
563 3445 589 3488 s.
605 3417 765 3511 Εύρύογ,
783 3446 810 3488 s.
826 3425 1029 3498 Γλαυκῶπις
1045 3435 1117 3490 ets.
1136 3421 1230 3490 Ἐλί-

118 3541 239 3608 ιιαπας,
264 3528 317 3591 sed
339 3527 516 3592 femininum
544 3524 609 3612 νύν
632 3521 709 3594 cicccc
730 3550 758 3592 s.
773 3523 957 3600 “Tencteros
980 3539 1011 3590 et
1032 3547 1060 3590 s.
1080 3523 1231 3616 Ἐναπῄ,

120 3637 254 3694 nentrum
275 3628 317 3696 νύ
342 3623 429 3710 ὦπα,
445 3633 530 3715 prod
552 3630 708 3694 Bekkcrus
730 3631 762 3693 in
780 3630 857 3694 Plat.
877 3629 961 3693 Crat.
982 3651 1012 3714 p.
1029 3625 1106 3692 409.
1129 3627 1164 3692 C.
1189 3652 1231 3695 ex
1369 3682 1372 3688 .
1418 3617 1421 3622 ’

122 3725 227 3812 aliquot
248 3733 334 3796 codd.
358 3734 527 3817 rescripsit,
554 3755 616 3797 nnn
637 3732 755 3816 reperi3
789 3755 886 3816 neque
908 3732 966 3794 huc
985 3731 1128 3807 referam,
1154 3734 1230 3816 quod
1303 3779 1306 3784 «

122 3829 237 3898 Aretaei
260 3835 345 3898 codd.
371 3835 486 3921 Harlcj.
514 3847 545 3900 et
566 3832 665 3900 Va'tic.
690 3834 835 3898 exhibent
857 3826 1012 3919 ξύμπαν·
1042 3855 1111 3898 narn
1128 3835 1158 3898 id
1178 3837 1230 3898 ad·-

124 3935 214 4000 uerhii
241 3937 308 4001 loco
338 3938 467 4021 positum
495 3940 628 4004 videtur.
673 3937 811 4002 Nominis
844 3936 957 4020 proprii
974 3930 1051 4021 Ὧιγ
1079 3938 1237 4022 genitivus.

126 4041 168 4096 ter
186 4037 297 4124 legitur
311 4040 344 4103 in
363 4041 497 4126 odyssea
512 4041 607 4125 prima
623 4039 816 4124 circumflexa
838 4033 893 4104 dcci
914 4034 979 4124 τήν
1001 4035 1231 4128 α’ντιίιιγρασιν

40 4133 47 4148 “
127 4135 203 4228 πρὸς
223 4140 285 4218 τὸν
309 4139 498 4232 ὀφθαλμόν
520 4143 696 4210 Schotdd.
721 4139 747 4208 1.
766 4139 842 4210 429.
867 4142 920 4210 sed
942 4142 1110 4230 Hesychius
1126 4135 1231 4216 tzade
