2856 4894
410 142 423 172 h

262 327 321 398 ou
349 328 512 398 uoutu.
541 329 714 399 nouos.
744 331 781 398 e.
804 328 869 397 ιιι.
899 333 928 418 a.
950 330 985 401 a.
1116 329 1186 412 ιιιι

88 508 145 576 hum
165 511 303 592 dueatur,
326 512 355 576 id
378 509 490 598 φρονῶ
513 529 580 574 esse
602 509 860 596 uetere,.t1open
881 531 957 576 veru
977 491 1092 576 vodalis
1108 491 1133 580 ἶ
1150 511 1184 580 itt

84 601 363 680 inullam'admitti
386 613 446 676 nisi
467 613 500 676 in
522 611 661 698 synthesi
683 607 844 700 σώφρων,
869 607 1022 700 εὔφρων,
1048 602 1184 702 ἄφρων,

84 718 149 780 uude
172 737 260 800 quum
289 717 454 780 derivatum
481 724 563 780 esset
584 715 709 806 verbum
735 710 916 802 οἷφρονεῖν,
948 715 1036 800 hujus
1062 727 1183 783 mutre-

82 819 146 881 rium
168 819 225 882 dioi
248 832 404 907 φρονεῖν.
443 817 539 899 Supra
562 815 642 878 (1.1.
667 817 696 898 ἓ.
721 815 753 880 3.
778 818 842 882 dixi
864 839 960 902 genus
983 839 1051 882 esse
1073 839 1183 905 syneu-

81 921 197 1000 dromae‚
223 943 283 1006 quo
303 919 456 985 contraria
474 918 633 982 contrariis
655 919 872 996 assimilantur,
895 920 1040 1004 attulique
1060 921 1183 987 nomina

80 1032 104 1084 et
126 1026 214 1088 verba
242 1023 407 1107 composita
434 1039 476 1085 ex
502 1021 685 1104 simplicibus
714 1032 803 1098 nata,
835 1043 911 1106 quae
932 1023 999 1086 siue
1021 1023 1082 1086 illis
1104 1043 1182 1086 nun-

80 1145 151 1207 quam
172 1127 351 1192 extitissent
371 1115 790 1211 σύμβαμα-ᾰούριβαμα,
813 1117 1184 1212 εἱραοῖρθαι-οἷνειμα’ρ··Ι

78 1233 131 1293 ιιαι
157 1229 312 1292 Plutarch.
343 1229 378 1292 de
400 1227 482 1290 Plae.
507 1225 584 1290 Phil.
609 1226 634 1290 l.
664 1225 719 1292 27.
765 1225 872 1314 Neque
901 1227 1085 1292 eontrarium
1113 1229 1182 1304 lieri

78 1349 151 1411 posse
172 1351 270 1414 nego,
306 1338 341 1394 ut
361 1341 575 1411 nonnunquam
603 1328 774 1412 compositis
804 1340 910 1402 eontra
936 1341 1087 1414 ponantur
1109 1331 1181 1394 sim-

80 1431 171 1515 plioia,
204 1434 264 1500 etsi
294 1432 465 1516 exemplum
493 1432 578 1496 deest
605 1442 726 1516 praeter
749 1431 821 1496 illud
850 1426 1060 1499 οὐδέν-δέν.
1103 1431 1181 1496 Nam

78 1537 176 1611 coniti,
201 1555 263 1620 quo
284 1537 359 1602 usus
381 1555 446 1600 sum
469 1535 506 1598 ad
527 1533 577 1618 Aj.
602 1555 631 1618 p.
653 1521 708 1596 81.
732 1545 913 1598 vanum'est
933 1535 1077 1598 Hardnini
1100 1555 1181 1614 come

80 1649 215 1714 uentum,
249 1640 387 1724 quodque
414 1635 590 1702 Eustathius
618 1637 690 1699 dioit
725 1657 755 1720 p.
780 1633 883 1714 1893,
912 1633 966 1701 30.
1003 1633 1021 1704 d
1050 1631 1181 1723 deopt-

78 1762 156 1814 στιος
183 1737 389 1828 οἷφαιροθεὶς
419 1735 484 1824 τήν
517 1736 670 1825 κεφαλήν
700 1735 860 1808 αἰιοαελεῑ
887 1735 949 1806 τόν
979 1738 1179 1826 Θεμίστιον,
1297 1799 1303 1809 ,

75 1842 162 1956 jouari
179 1846 315 1908 videtur.
361 1843 419 1906 Sed
451 1855 610 1928 φρονεῖν,
640 1843 764 1906 verbum
790 1843 1018 1906 usitatissimum
1046 1854 1078 1906 et
1101 1843 1180 1909 anti·

79 1937 254 2025 pissimum,
284 1965 327 2010 ex
348 1941 514 2046 οἷφρονεῑν
537 1955 636 2008 ortum
659 1966 727 2010 esse
750 1947 831 2010 diotu
852 1947 998 2024 arduum,
1029 1967 1179 2030 quumque

80 2039 153 2130 φρήν
174 2050 272 2114 solum
296 2049 337 2112 sit
357 2047 645 2133 monosyllaborum,
670 2048 779 2132 quod'
768 2071 800 2110 ιιι
822 2049 952 2112 transitu
977 2048 1112 2114 vocalem
1134 2049 1179 2112 hi-

79 2131 259 2232 syllahorum,
285 2150 462 2236 (πατέρος,
485 2147 619 2236 α’νέρος)
642 2152 704 2214 ritu
724 2149 884 2234 corripiat,
907 2151 1043 2235 idemque
1066 2150 1176 2227 solum,

81 2253 144 2330 pot
170 2275 210 2318 ex
236 2276 272 2320 se
304 2265 336 2318 et
362 2255 487 2318 verbum
514 2255 674 2338 progignat
703 2264 746 2346 et
763 2253 983 2316 substantivum
1013 2248 1178 2346 (φρόνις),

80 2372 128 2416 non
146 2356 268 2422 nimium
293 2357 379 2420 nohis
400 2377 544 2441 arrogare
566 2357 715 2433 videmur,
744 2355 772 2420 si
791 2341 813 2421 ο
835 2355 952 2420 mi'oron
981 2355 1069 2440 hujus
1091 2349 1179 2425 derbi

82 2470 207 2524 consueta
229 2459 369 2544 enallage
391 2480 432 2522 ex
454 2485 471 2526 ο
492 2458 620 2543 genitivi
642 2459 781 2524 extitisse
804 2449 1029 2534 odnteudimus,
1056 2479 1097 2523 ex
1102 2481 1179 2582 qup

79 2557 282 2645 adoomposita
304 2583 420 2647 quoque
440 2562 619 2649 translatum
640 2571 699 2636 est,
723 2553 855 2647 α’ἰφραν,
878 2554 1014 2647 εὔφρων
1036 2573 1071 2625 ut
1089 2556 1177 2628 dorol-

81 2681 135 2746 τωρ
142 2659 337 2752 depravatu
378 2659 525 2750 Ὴνορέη
545 2647 721 2748 Apollonius
743 2685 785 2727 ex
806 2659 968 2786 εὐηνορέη
990 2665 1178 2728 decurtatum

79 2775 165 2844 putat3
197 2791 269 2833 nam
291 2764 374 2830 ah’
351 2767 472 2853 ανὲρος
499 2767 686 2832 formandum
713 2762 854 2832 fuisse'
831 2765 951 2852 ανερία
979 2766 1029 2830 vel
1051 2761 1135 2830 ah'
1112 2789 1177 2834 αν·
1207 2809 1209 2814 ,

80 2860 141 2950 <lale
160 2864 284 2960 α’νδρία
305 2882 339 2936 ut
359 2871 396 2934 ah
418 2870 559 2957 αἰθέρος
581 2867 732 2956 αἰθερία.
766 2869 808 2933 At
830 2870 895 2954 quis
917 2871 1026 2936 audeat
1047 2871 1176 2936 vooahu·

35 3001 42 3018 s
81 2964 129 3032 lun
154 2965 447 3058 plane-*singulare¹
473 2979 507 3040 ‘et
528 2966 757 3059 οἷπαραθααον
785 2974 840 3036 suh
867 2973 1003 3048 formula.
1017 2973 1177 3058 judiearet

83 3067 269 3142 Concedamus
284 3077 443 3148 Eustathio
459 3100 489 3163 p.
505 3075 581 3152 826,
600 3075 654 3141 56.
675 3071 770 3162 ἤνοιρ
789 3076 883 3140 fuisse
899 3070 1063 3164 οἴρῥαρτον,
1083 3099 1176 3162 qnam

84 3191 155 3252 qoam
175 3179 279 3244 afferri
301 3189 457 3263 potestat
479 3179 621 3267 liesyohii
643 3178 849 3244 testimonium
864 3173 983 3264 Ἠνωρ
1005 3174 1119 3270 α’ἶρχαν
1145 3192 1177 3244 et
1204 3229 1210 3240 .

82 3273 224 3345 similitudo
255 3282 386 3368 nominis
415 3277 567 3407 φρήρωρ,
575 3283 663 3368 sed
678 3282 752 3346 illud
775 3293 875 3346 tamen
898 3283 984 3346 nohis
1012 3283 1087 3367 eripi
1113 3303 1177 3346 nou

82 3378 228 3498 patiemur,
259 3379 343 3448 ah'
320 3377 406 3471 ανήρ
429 3382 588 3476 ἠνέρος,
583 3394 639 3460 fut
657 3381 722 3470 aiolo
744 3380 859 3470 ἠέρος,
890 3395 921 3448 ot
942 3395 1055 3448 mutata
1076 3383 1176 3448 vocali

82 3471 188 3568 ἠνόρος
209 3487 356 3554 declinari
378 3488 546 3572 potuisse,
560 3487 648 3550 unde
660 3489 770 3572 pendet
791 3481 1058 3580 Hesychianum’
1035 3483 1176 3572 ανόρεος
1206 3561 1207 3566 ρ

84 3574 219 3673 α’νᾶροῖος
242 3589 469 3674 oopulatumque
493 3584 730 3676 νπερηνόρεος.
770 3591 810 3654 Ει
830 3601 864 3653 ut
886 3571 962 3652 nihil
982 3589 1109 3653 istorum
1131 3589 1175 3652 di·

85 3691 151 3749 etum
175 3692 231 3770 sit,
265 3693 428 3757 fortasse
420 3714 484 3778 ipsa
508 3691 738 3820 opmpdsitoru‘m
765 3693 862 3756 forma
887 3691 987 3756 animo
1013 3690 1175 3776 anticipata

85 3781 276 3858 derivatum'
254 3792 409 3882 ανόρεοα,
433 3791 575 3882 ἠνορέη,
602 3794 636 3858 iu
651 3795 706 3858 sui
719 3794 952 3894 similitudinem
975 3792 1088 3874 traxit,
1122 3816 1173 3860 au·

82 3883 123 3967 jus
145 3897 283 3982 prolepsis
308 3899 446 3983 exempla
471 3899 584 3983 aliquot
607 3883 686 3962 iufra
710 3880 925 3989 producemus;
962 3897 1048 3982 eique
1073 3900 1175 3986 conje-

87 3997 175 4060 oturae
198 4000 253 4065 hoo
274 4001 391 4067 facilius
413 4001 634 4086 indulgebitur,
667 4001 753 4085 quod
765 4021 783 4064 a
806 4001 889 4064 nullo
910 3999 970 4064 alio
998 4001 1120 4067 nomine
1141 4003 1173 4066 in

85 4113 120 4175 ηρ
145 4115 269 4169 exeunte
296 4103 447 4188 primitivo
475 4102 730 4170 substantivum
721 4124 811 4174 ιιι,ια
837 4102 971 4166 nascitur
977 4150 989 4181 ,
1021 4106 1058 4170 ad
1087 4107 1172 4190 eujus

88 4209 203 4268 normam
231 4205 304 4272 illud
334 4207 430 4292 possit
457 4205 560 4292 exigi3
605 4228 673 4272 nam
702 4227 778 4290 quae
806 4205 982 4291 Apollonius
1012 4212 1170 4281 memorat,
