2926 4886
337 315 395 380 bu
424 305 590 382 Notttrt
622 313 795 380 MONOS.
828 313 865 378 C.
889 313 942 380 lIl.
972 317 1001 401 ξ.
1024 317 1057 380 l.
1167 319 1230 384 tut

119 496 170 574 29,
191 492 269 569 213.
295 493 347 560 Vl.
372 493 426 572 56,
448 491 525 562 368.
551 493 590 556 cl.
614 492 749 560 Ellendt.
771 493 849 559 Lex.
873 493 964 580 Sopb.
989 493 1026 558 Τ.
1036 492 1060 558 Ι.
1085 493 1161 560 837.
1177 519 1230 562 uc·
1329 439 1336 449 ·

119 620 171 685 pue
192 597 408 683 appellativum
429 598 528 662 solum
551 598 605 660 sed
627 598 717 662 etiam
739 599 893 684 proprium
914 599 946 664 'v.
970 597 1079 663 Lehrs.
1104 599 1141 664 de
1161 600 1231 664 An·-

117 701 225 767 starch.
250 699 369 786 pabo.
393 701 500 785 quibus
521 699 623 764 addam
648 720 770 764 casuum
793 711 963 766 ceterorum
985 700 1142 786 exempla:
1169 701 1232 770 coti

116 803 245 872 ἰκτίνον
267 803 398 868 Aristot.
421 802 529 866 Mirab.
554 823 582 865 ο.
608 801 780 866 CXXXIII.
804 802 890 868 Paul.
915 803 994 889 Aeg.
1012 802 1078 868 VII.
1102 802 1136 882 3,
1152 803 1230 870 241.

107 907 225 998 ¹Geopp.
261 905 349 970 XIII.
385 905 418 982 8,
445 903 477 968 8.
491 929 547 991 τοι
577 902 692 995 ἰκτίνῳ
729 904 881 970 Plutarch.
912 905 1013 993 Gryll.
1041 905 1122 972 VIII.
1151 905 1230 973 223.
1290 973 1298 980 ,

115 1009 149 1074 Τ.
163 1010 250 1074 XIII.
279 1009 350 1078 τῶν
372 1008 511 1078 ἰκτίνων
532 1007 673 1092 Apollon.
708 1007 801 1094 Dysc.
817 1008 894 1072 dist.
920 1031 949 1074 c.
972 1009 1016 1072 X.
1040 1004 1122 1082 τούς
1143 1006 1231 1076 ἰκτί-

114 1136 193 1187 boor
228 1113 317 1178 Stob.
353 1111 436 1176 Flor.
465 1109 536 1176 XV.
570 1109 632 1188 10,
668 1109 745 1176 293.
800 1112 851 1176 Ex
882 1111 974 1175 tertia
1008 1111 1228 1178 declinatioue=

113 1216 172 1283 τοῦ
193 1220 328 1288 ἰκτῖνος
355 1251 399 1262 -
425 1210 487 1280 τὸν
515 1217 629 1282 ἰκτῖνο
656 1213 770 1277 Julian.
798 1213 907 1298 Misop.
931 1211 1006 1278 366.
1030 1213 1069 1278 Α.
1093 1219 1127 1281 οἱ
1149 1217 1232 1282 ἰκτῖ-

114 1341 164 1384 nes
185 1320 321 1384 Pausau.
346 1327 378 1382 et
398 1316 519 1382 Aeliau.
542 1338 575 1382 v.
598 1316 705 1380 Jacobs
724 1317 761 1380 ad
782 1316 851 1380 hel.
875 1314 973 1400 ρ.,32,
993 1316 1048 1383 24.
1073 1339 1149 1402 quae
1174 1319 1230 1382 tri·

115 1423 182 1506 plex
211 1423 315 1485 forma
341 1420 374 1483 in
402 1441 464 1484 uuo
489 1419 644 1504 Sophoclis
674 1419 741 1484 loco
769 1419 906 1484 affertur.
953 1419 1035 1484 llaec
1058 1431 1159 1486 autem
1180 1443 1230 1488 ac·

116 1535 216 1588 centus
238 1515 447 1588 inconstantia
479 1533 648 1606 suspectam
674 1522 773 1586 reddit
794 1523 928 1587 Platonis
958 1533 989 1588 et
1017 1523 1228 1608 Aristophanis

115 1628 296 1711 scripturam
317 1628 447 1700 ἴκτινοι,
473 1625 529 1709 ‘qui
551 1625 578 1689 si
600 1628 713 1692 ἰκτῖνοι
735 1626 913 1690 extulerunt
935 1637 969 1690 ut
990 1625 1151 1713 δελφῖνα,
1175 1626 1229 1691 illa

114 1729 301 1815 metaplasmi
322 1727 453 1813 suspicio
474 1727 673 1793 vehementer
695 1727 909 1808 labefactatum
941 1749 1011 1792 nam
1032 1729 1059 1794 is
1081 1730 1229 1798 accusati·

114 1853 166 1898 vus
187 1843 277 1898 recta
300 1829 494 1896 descendite
515 1830 611 1914 primo
632 1828 721 1898 ἰκτίν
742 1831 809 1896 sive
830 1831 927 1908 ἰκτίς,
952 1833 1030 1918 quod
1052 1832 1159 1898 Critioi
1181 1854 1229 1898 re-

115 1935 279 2000 stituerunt
300 1933 452 2020 Hesychio
474 1955 528 2018 pro
539 1923 648 2008 Ἰκτός
668 1933 796 2008 ἰκτῖνος
805 1936 985 2024 Περγαῖοι.
1029 1935 1070 2000 Et
1083 1936 1116 2000 in
1125 1935 1226 2002 Gloss.

117 2037 289 2106 Graeoolat.
304 2037 370 2102 siue
392 2037 566 2102 accentibus
580 2041 667 2104 ἰκτιν
682 2039 751 2126 βοοκ
763 2037 871 2122 jugit.
895 2037 960 2103 Nec
971 2049 1129 2123 praeterea
1142 2039 1226 2123 quid·

116 2161 197 2225 quam
222 2141 305 2206 certi
335 2162 391 2226 pro
411 2140 474 2204 ¹hac
502 2161 593 2206 causa
621 2141 758 2205 affertur.
820 2139 898 2206 Nam
927 2136 1073 2220 Δωοίοἰν,
1102 2138 1226 2228 eapte,

117 2245 171 2308 etsi
190 2265 342 2330 nusquam
365 2263 463 2328 neque
483 2243 515 2306 iu
538 2243 652 2308 nostris
679 2243 824 2328 leguntur
845 2242 929 2307 libris
951 2265 1049 2328 neque
1072 2244 1228 2314 Gramma-

117 2346 179 2412 ticis
199 2349 423 2424 innotuerunt,
452 2357 554 2410 tamen
576 2365 686 2431 perse
706 2347 780 2410 adeo
802 2345 878 2408 nihil
905 2345 1080 2410 offensionis
1102 2346 1226 2426 habeut,

117 2461 275 2516 uteorum
299 2449 595 2535 praetermissionem
617 2449 771 2512 fortuitam
792 2448 892 2532 potius
914 2469 1001 2532 quam
1023 2450 1227 2514 neeessariam

114 2553 293 2635 judicemus.
335 2552 381 2618 Ao
407 2553 537 2616 fortasse
561 2551 607 2614 illi
634 2551 711 2634 ipsi,
741 2550 792 2635 qui
814 2548 915 2630 ἰκτίν,
939 2546 1066 2618 Δωδών
1095 2561 1127 2616 et
1154 2552 1228 2616 talia

117 2658 305 2740 rejecerunt,
336 2677 397 2720 non
424 2655 487 2719 ullo
516 2652 741 2738 peregrinitatis
771 2654 864 2717 odore
886 2654 1072 2732 ductisunt,
1095 2651 1228 2718 sedhoc

118 2759 318 2824 tantummodo
347 2756 653 2840 caverevoluerunt‚
677 2756 934 2833 denominatim,
966 2779 1092 2841 quorum
1119 2767 1227 2822 auctor

119 2861 211 2928 nullus
232 2872 335 2942 extat,
358 2883 412 2946 pro
434 2843 553 2939 usitatis
575 2858 727 2944 vulgoque
748 2859 880 2943 probatis
901 2860 1099 2945 recipiantur,
1124 2881 1226 2947 quem·

119 2963 270 3030 admodum
292 2965 379 3028 hodie
400 2962 494 3028 latine
515 2963 683 3029 scribentes
705 2962 900 3028 nominativis
922 2983 1042 3026 coccus
1055 2963 1224 3049 enuclees).

119 3067 232 3148 umber,
250 3067 358 3154 suum,
382 3087 438 3151 ops
460 3077 492 3129 et
511 3066 579 3130 aliis
591 3065 775 3130 abstinemus
798 3075 833 3128 ut
852 3065 1047 3150 incompertis
1068 3078 1226 3152 ratumque

119 3163 258 3236 habeam
287 3169 366 3255 quod
396 3179 486 3234 vetus
518 3169 660 3233 admonet
680 3167 826 3252 magister
847 3167 950 3232 Schol.
974 3168 1052 3234 Veu.
1076 3170 1123 3241 A.
1146 3168 1224 3236 395.

119 3264 260 3340 εὐθεῖαν
289 3269 341 3358 μή
371 3266 564 3358 εὑρημένην
594 3267 825 3338 οἷνοιττλοίττειν
847 3263 984 3356 εὔηθες.
1026 3272 1061 3336 ln
1083 3293 1141 3356 quo
1163 3273 1227 3336 lor·

119 3378 194 3438 tasse
222 3375 314 3438 nimis
343 3373 512 3458 scrupulosi
544 3376 679 3438 fuerunt.
732 3372 834 3437 Schol.
861 3373 949 3438 Arat.
982 3371 1036 3438 78.
1057 3359 1228 3464 ὀἰιχόμηνι

122 3466 195 3542 α’ντί
212 3476 279 3544 τοῦ
300 3475 493 3567 διχομηνῳ·
510 3473 552 3542 οὐ
566 3473 617 3546 οἰοῖ
634 3475 670 3542 dd
687 3475 758 3544 τῶν
779 3475 1039 3564 μετοιτολιισμοίν
1062 3477 1149 3559 (fort.
1165 3484 1241 3561 με’

121 3579 334 3666 ταττλοιστοῑν)
360 3577 422 3656 τοίς
450 3576 590 3654 εὐθείας
617 3582 786 3666 ἐπιζητεῖν
815 3574 923 3666 ὥςπερ
945 3574 1063 3646 καὶτὸ
1087 3572 1226 3669 ἐρνσοίρ-

122 3701 239 3762 ματος,
259 3703 335 3766 quae
352 3681 472 3748 Orionis
488 3703 604 3768 quoque
625 3693 673 3746 est
691 3683 844 3756 sententia
859 3681 955 3766 p.27‚
968 3681 1023 3750 29.
1038 3676 1117 3748 οἰλκί
1136 3678 1224 3750 κοινοὶ

123 3781 365 3872 μιταοοίοισμίν
387 3782 431 3860 οἷς
453 3781 620 3876 διχόμηνι,
642 3783 712 3849 aliis
735 3785 954 3871 ambigentibus
973 3783 1224 3868 metaplastumne

124 3882 160 3947 sit
178 3908 216 3950 an
236 3909 367 3973 apocope
385 3889 525 3955 allectum
539 3910 581 3954 ex
601 3879 794 3978 dupopmluodc
807 3888 961 3974 EtymM.
975 3885 1052 3965 286,
1061 3887 1095 3953 2.
1105 3889 1222 3953 Aneed.

122 3986 249 4067 pmii.
271 3991 393 4056 Etenim
402 4013 492 4076 quum
500 3983 682 4082 διχόμηνος
697 4001 729 4056 et
745 3983 920 4082 διχόμηνις
932 4011 1075 4076 persaepe
1088 3989 1225 4056 invenis-

123 4102 186 4155 sent
199 4095 359 4178 eademque
377 4096 477 4179 specie
496 4107 599 4162 cetera
612 4098 649 4162 ab
662 4095 719 4160 hoc
736 4093 859 4158 nomine
880 4095 1042 4180 composita
1058 4087 1223 4180 η’λιτόμη-

122 4209 187 4271 ῖος,
203 4194 359 4284 dimaon,
372 4191 568 4288 ardumum,
584 4195 795 4288 τριτόμηνις,
816 4194 932 4296 nullum
953 4208 1053 4264 autem
1071 4195 1149 4282 quod
1161 4195 1224 4260 lor·
