<?xml version="1.0" encoding="UTF-8"?>
<!DOCTYPE html PUBLIC "-//W3C//DTD XHTML 1.0 Transitional//EN"
    "http://www.w3.org/TR/xhtml1/DTD/xhtml1-transitional.dtd">
<html xmlns="http://www.w3.org/1999/xhtml" xml:lang="en" lang="en">
 <head>
  <title>
</title>
<meta http-equiv="Content-Type" content="text/html;charset=utf-8" />
  <meta name='ocr-system' content='tesseract 3.04.00' />
  <meta name='ocr-capabilities' content='ocr_page ocr_carea ocr_par ocr_line ocrx_word'/>
</head>
<body>
  <div class='ocr_page' id='page_1' title='image "./paralipomenagra00dindgoog_0290.png"; bbox 0 0 2930 4872; ppageno 0'>
   <div class='ocr_carea' id='block_1_1' title="bbox 247 253 1198 391">
    <p class='ocr_par' dir='ltr' id='par_1_1' title="bbox 247 253 1198 391">
     <span class='ocr_line' id='line_1_1' title="bbox 247 253 1198 391; baseline 0.008 -37"><span class='ocrx_word' id='word_1_1' title='bbox 247 285 309 354; x_wconf 84' lang='lat' dir='ltr'><strong>nn</strong></span> <span class='ocrx_word' id='word_1_2' title='bbox 337 275 533 391; x_wconf 80' lang='lat' dir='ltr'><strong>nornen.</strong></span> <span class='ocrx_word' id='word_1_3' title='bbox 558 281 775 353; x_wconf 83' lang='lat' dir='ltr'><strong>ruuoeru.</strong></span> <span class='ocrx_word' id='word_1_4' title='bbox 807 283 845 352; x_wconf 86' lang='lat' dir='ltr'><strong>e.</strong></span> <span class='ocrx_word' id='word_1_5' title='bbox 868 283 923 355; x_wconf 80' lang='grc' dir='ltr'><strong>ιν.</strong></span> <span class='ocrx_word' id='word_1_6' title='bbox 946 287 976 374; x_wconf 75' lang='lat' dir='ltr'><strong>p.</strong></span> <span class='ocrx_word' id='word_1_7' title='bbox 1000 287 1033 358; x_wconf 84' lang='lat' dir='ltr'><strong>s.</strong></span> <span class='ocrx_word' id='word_1_8' title='bbox 1128 253 1198 362; x_wconf 79' lang='lat' dir='ltr'><strong>rai</strong></span> 
     </span>
    </p>
   </div>
   <div class='ocr_carea' id='block_1_2' title="bbox 81 461 1247 3751">
    <p class='ocr_par' dir='ltr' id='par_1_2' title="bbox 81 461 1247 3751">
     <span class='ocr_line' id='line_1_2' title="bbox 95 461 1198 552; baseline -0.001 -15"><span class='ocrx_word' id='word_1_9' title='bbox 95 481 149 538; x_wconf 85' lang='lat' dir='ltr'><strong>ota</strong></span> <span class='ocrx_word' id='word_1_10' title='bbox 176 489 227 534; x_wconf 87' lang='lat' dir='ltr'><strong>res</strong></span> <span class='ocrx_word' id='word_1_11' title='bbox 257 465 362 534; x_wconf 80' lang='lat' dir='ltr'><strong>redeat</strong></span> <span class='ocrx_word' id='word_1_12' title='bbox 388 464 426 530; x_wconf 87' lang='lat' dir='ltr'><strong>ad</strong></span> <span class='ocrx_word' id='word_1_13' title='bbox 455 461 602 530; x_wconf 79' lang='lat' dir='ltr'><strong>ldrrorum</strong></span> <span class='ocrx_word' id='word_1_14' title='bbox 636 465 939 552; x_wconf 73' lang='lat' dir='ltr'><strong>manuscriptorum</strong></span> <span class='ocrx_word' id='word_1_15' title='bbox 974 467 1198 547; x_wconf 80' lang='lat' dir='ltr'><strong>amtoritotem,</strong></span> 
     </span>
     <span class='ocr_line' id='line_1_3' title="bbox 94 566 1201 660; baseline 0.001 -21"><span class='ocrx_word' id='word_1_16' title='bbox 94 595 145 641; x_wconf 91' lang='lat' dir='ltr'><strong>non</strong></span> <span class='ocrx_word' id='word_1_17' title='bbox 166 569 250 660; x_wconf 81' lang='lat' dir='ltr'><strong>quasi</strong></span> <span class='ocrx_word' id='word_1_18' title='bbox 273 567 303 634; x_wconf 88' lang='lat' dir='ltr'><strong>hi</strong></span> <span class='ocrx_word' id='word_1_19' title='bbox 328 569 392 635; x_wconf 85' lang='lat' dir='ltr'><strong>sint</strong></span> <span class='ocrx_word' id='word_1_20' title='bbox 417 566 579 634; x_wconf 79' lang='lat' dir='ltr'><strong>certissimi</strong></span> <span class='ocrx_word' id='word_1_21' title='bbox 600 587 694 634; x_wconf 87' lang='lat' dir='ltr'><strong>verae</strong></span> <span class='ocrx_word' id='word_1_22' title='bbox 715 569 883 655; x_wconf 72' lang='lat' dir='ltr'><strong>scripturae</strong></span> <span class='ocrx_word' id='word_1_23' title='bbox 907 581 1024 648; x_wconf 87' lang='lat' dir='ltr'><strong>testes,</strong></span> <span class='ocrx_word' id='word_1_24' title='bbox 1056 573 1109 637; x_wconf 93' lang='lat' dir='ltr'><strong>sed</strong></span> <span class='ocrx_word' id='word_1_25' title='bbox 1131 573 1201 659; x_wconf 85' lang='lat' dir='ltr'><strong>quin</strong></span> 
     </span>
     <span class='ocr_line' id='line_1_4' title="bbox 92 671 1200 764; baseline 0.003 -23"><span class='ocrx_word' id='word_1_26' title='bbox 92 675 200 764; x_wconf 82' lang='lat' dir='ltr'><strong>paribus</strong></span> <span class='ocrx_word' id='word_1_27' title='bbox 222 672 436 758; x_wconf 77' lang='lat' dir='ltr'><strong>inanemque</strong></span> <span class='ocrx_word' id='word_1_28' title='bbox 458 681 573 756; x_wconf 86' lang='lat' dir='ltr'><strong>partem</strong></span> <span class='ocrx_word' id='word_1_29' title='bbox 595 671 782 756; x_wconf 70' lang='lat' dir='ltr'><strong>argumentis</strong></span> <span class='ocrx_word' id='word_1_30' title='bbox 814 673 891 740; x_wconf 85' lang='lat' dir='ltr'><strong>uliae</strong></span> <span class='ocrx_word' id='word_1_31' title='bbox 913 675 950 740; x_wconf 89' lang='lat' dir='ltr'><strong>ad</strong></span> <span class='ocrx_word' id='word_1_32' title='bbox 978 675 1200 762; x_wconf 73' lang='lat' dir='ltr'><strong>dijuffieaudum</strong></span> 
     </span>
     <span class='ocr_line' id='line_1_5' title="bbox 92 767 1198 860; baseline 0.002 -16"><span class='ocrx_word' id='word_1_33' title='bbox 92 779 212 844; x_wconf 75' lang='lat' dir='ltr'><strong>rabones</strong></span> <span class='ocrx_word' id='word_1_34' title='bbox 241 778 362 843; x_wconf 81' lang='lat' dir='ltr'><strong>desunt.</strong></span> <span class='ocrx_word' id='word_1_35' title='bbox 423 769 528 860; x_wconf 84' lang='lat' dir='ltr'><strong>Itaque</strong></span> <span class='ocrx_word' id='word_1_36' title='bbox 560 773 594 840; x_wconf 93' lang='lat' dir='ltr'><strong>in</strong></span> <span class='ocrx_word' id='word_1_37' title='bbox 623 771 730 840; x_wconf 85' lang='lat' dir='ltr'><strong>Dionis</strong></span> <span class='ocrx_word' id='word_1_38' title='bbox 760 776 846 842; x_wconf 83' lang='lat' dir='ltr'><strong>Cass.</strong></span> <span class='ocrx_word' id='word_1_39' title='bbox 878 777 1004 843; x_wconf 81' lang='lat' dir='ltr'><strong>xtvtt.</strong></span> <span class='ocrx_word' id='word_1_40' title='bbox 1035 767 1097 855; x_wconf 91' lang='grc'><strong>39,</strong></span> <span class='ocrx_word' id='word_1_41' title='bbox 1120 777 1198 846; x_wconf 93' lang='grc'><strong>328.</strong></span> 
     </span>
     <span class='ocr_line' id='line_1_6' title="bbox 93 874 1200 968; baseline 0.005 -22"><span class='ocrx_word' id='word_1_42' title='bbox 93 901 143 966; x_wconf 83' lang='lat' dir='ltr'><strong>quo</strong></span> <span class='ocrx_word' id='word_1_43' title='bbox 163 881 231 946; x_wconf 84' lang='lat' dir='ltr'><strong>loeo</strong></span> <span class='ocrx_word' id='word_1_44' title='bbox 255 881 327 946; x_wconf 88' lang='lat' dir='ltr'><strong>olim</strong></span> <span class='ocrx_word' id='word_1_45' title='bbox 350 879 487 954; x_wconf 85' lang='lat' dir='ltr'><strong>nitebar,</strong></span> <span class='ocrx_word' id='word_1_46' title='bbox 510 874 642 965; x_wconf 78' lang='grc' dir='ltr'><strong><em>ταύτην</em></strong></span> <span class='ocrx_word' id='word_1_47' title='bbox 667 881 791 946; x_wconf 76' lang='grc' dir='ltr'><strong><em>ἐνεῖναι</em></strong></span> <span class='ocrx_word' id='word_1_48' title='bbox 810 877 971 968; x_wconf 78' lang='grc' dir='ltr'><strong><em>βασιλίδα</em></strong></span> <span class='ocrx_word' id='word_1_49' title='bbox 997 875 1200 960; x_wconf 78' lang='grc' dir='ltr'><strong><em>δποδείξαν·</em></strong></span> 
     </span>
     <span class='ocr_line' id='line_1_7' title="bbox 89 977 1199 1074; baseline 0.002 -22"><span class='ocrx_word' id='word_1_50' title='bbox 89 1007 136 1059; x_wconf 81' lang='grc' dir='ltr'><strong>τις</strong></span> <span class='ocrx_word' id='word_1_51' title='bbox 150 977 421 1072; x_wconf 65' lang='grc' dir='ltr'><strong><em>προθυμότερον</em></strong></span> <span class='ocrx_word' id='word_1_52' title='bbox 446 979 512 1048; x_wconf 79' lang='grc' dir='ltr'><strong>τοῦ</strong></span> <span class='ocrx_word' id='word_1_53' title='bbox 530 979 707 1069; x_wconf 75' lang='grc' dir='ltr'><strong><em>πολέμου,</em></strong></span> <span class='ocrx_word' id='word_1_54' title='bbox 739 977 784 1058; x_wconf 75' lang='lat' dir='ltr'><strong>u‘e</strong></span> <span class='ocrx_word' id='word_1_55' title='bbox 812 983 870 1051; x_wconf 79' lang='lat' dir='ltr'><strong>eet</strong></span> <span class='ocrx_word' id='word_1_56' title='bbox 892 982 1091 1074; x_wconf 78' lang='grc' dir='ltr'><strong><em>προστάτην</em></strong></span> <span class='ocrx_word' id='word_1_57' title='bbox 1119 985 1199 1054; x_wconf 84' lang='grc' dir='ltr'><strong><em>τινδ</em></strong></span> 
     </span>
     <span class='ocr_line' id='line_1_8' title="bbox 89 1079 1247 1176; baseline -0.001 -22"><span class='ocrx_word' id='word_1_58' title='bbox 89 1091 119 1154; x_wconf 80' lang='grc' dir='ltr'><strong>ἐν</strong></span> <span class='ocrx_word' id='word_1_59' title='bbox 136 1085 198 1155; x_wconf 77' lang='lat' dir='ltr'><strong>uoti</strong></span> <span class='ocrx_word' id='word_1_60' title='bbox 218 1081 454 1172; x_wconf 78' lang='grc' dir='ltr'><strong><em>Πτολεμαίων</em></strong></span> <span class='ocrx_word' id='word_1_61' title='bbox 471 1083 594 1173; x_wconf 73' lang='grc' dir='ltr'><strong><em>γένους</em></strong></span> <span class='ocrx_word' id='word_1_62' title='bbox 615 1087 767 1175; x_wconf 76' lang='grc' dir='ltr'><strong><em>ἔχοντες,</em></strong></span> <span class='ocrx_word' id='word_1_63' title='bbox 790 1082 1036 1176; x_wconf 77' lang='grc' dir='ltr'><strong><em>σῖντελοῖβοντο,</em></strong></span> <span class='ocrx_word' id='word_1_64' title='bbox 1058 1087 1200 1153; x_wconf 86' lang='lat' dir='ltr'><strong>Sturzius</strong></span> <span class='ocrx_word' id='word_1_65' title='bbox 1243 1079 1247 1092; x_wconf 58' lang='lat'><strong>¹</strong></span> 
     </span>
     <span class='ocr_line' id='line_1_9' title="bbox 89 1181 1199 1276; baseline 0.004 -22"><span class='ocrx_word' id='word_1_66' title='bbox 89 1189 188 1255; x_wconf 83' lang='lat' dir='ltr'><strong>ebied.</strong></span> <span class='ocrx_word' id='word_1_67' title='bbox 204 1187 322 1275; x_wconf 83' lang='lat' dir='ltr'><strong>reecpit</strong></span> <span class='ocrx_word' id='word_1_68' title='bbox 342 1181 532 1274; x_wconf 71' lang='grc' dir='ltr'><strong><em>προστάτιν</em></strong></span> <span class='ocrx_word' id='word_1_69' title='bbox 550 1189 695 1272; x_wconf 79' lang='lat' dir='ltr'><strong>probante</strong></span> <span class='ocrx_word' id='word_1_70' title='bbox 712 1190 817 1253; x_wconf 86' lang='lat' dir='ltr'><strong>eodem</strong></span> <span class='ocrx_word' id='word_1_71' title='bbox 831 1187 984 1255; x_wconf 85' lang='lat' dir='ltr'><strong>Dindorfio</strong></span> <span class='ocrx_word' id='word_1_72' title='bbox 999 1191 1098 1254; x_wconf 82' lang='lat' dir='ltr'><strong>Praei.</strong></span> <span class='ocrx_word' id='word_1_73' title='bbox 1109 1189 1199 1276; x_wconf 84' lang='lat' dir='ltr'><strong>Gorp.</strong></span> 
     </span>
     <span class='ocr_line' id='line_1_10' title="bbox 89 1271 1200 1380; baseline 0.004 -24"><span class='ocrx_word' id='word_1_74' title='bbox 89 1293 189 1359; x_wconf 88' lang='lat' dir='ltr'><strong>Seenn.</strong></span> <span class='ocrx_word' id='word_1_75' title='bbox 204 1315 235 1378; x_wconf 94' lang='lat' dir='ltr'><strong>p.</strong></span> <span class='ocrx_word' id='word_1_76' title='bbox 254 1289 340 1356; x_wconf 85' lang='lat' dir='ltr'><strong>XIV.</strong></span> <span class='ocrx_word' id='word_1_77' title='bbox 357 1291 406 1376; x_wconf 90' lang='lat' dir='ltr'><strong>qui</strong></span> <span class='ocrx_word' id='word_1_78' title='bbox 428 1291 461 1355; x_wconf 92' lang='lat' dir='ltr'><strong>in</strong></span> <span class='ocrx_word' id='word_1_79' title='bbox 473 1289 611 1377; x_wconf 85' lang='lat' dir='ltr'><strong>Dionysii</strong></span> <span class='ocrx_word' id='word_1_80' title='bbox 634 1291 739 1357; x_wconf 85' lang='lat' dir='ltr'><strong>iambis</strong></span> <span class='ocrx_word' id='word_1_81' title='bbox 754 1291 866 1357; x_wconf 84' lang='lat' dir='ltr'><strong>Athen.</strong></span> <span class='ocrx_word' id='word_1_82' title='bbox 885 1291 941 1356; x_wconf 89' lang='lat' dir='ltr'><strong>IX.</strong></span> <span class='ocrx_word' id='word_1_83' title='bbox 959 1291 1035 1358; x_wconf 85' lang='grc'><strong>405.</strong></span> <span class='ocrx_word' id='word_1_84' title='bbox 1049 1271 1086 1357; x_wconf 79' lang='lat' dir='ltr'><strong>(i.</strong></span> <span class='ocrx_word' id='word_1_85' title='bbox 1110 1287 1200 1380; x_wconf 67' lang='grc' dir='ltr'><strong><em>αὐτοὶ</em></strong></span> 
     </span>
     <span class='ocr_line' id='line_1_11' title="bbox 87 1387 1197 1484; baseline -0.004 -22"><span class='ocrx_word' id='word_1_86' title='bbox 87 1393 235 1484; x_wconf 76' lang='grc' dir='ltr'><strong><em>δ’δαντῆς</em></strong></span> <span class='ocrx_word' id='word_1_87' title='bbox 252 1399 324 1462; x_wconf 79' lang='grc' dir='ltr'><strong><em>ἐστι</em></strong></span> <span class='ocrx_word' id='word_1_88' title='bbox 338 1387 513 1480; x_wconf 66' lang='lat' dir='ltr'><strong>decedens,</strong></span> <span class='ocrx_word' id='word_1_89' title='bbox 537 1411 599 1458; x_wconf 92' lang='lat' dir='ltr'><strong>non</strong></span> <span class='ocrx_word' id='word_1_90' title='bbox 622 1413 715 1460; x_wconf 87' lang='lat' dir='ltr'><strong>ausus</strong></span> <span class='ocrx_word' id='word_1_91' title='bbox 738 1407 785 1460; x_wconf 89' lang='lat' dir='ltr'><strong>est</strong></span> <span class='ocrx_word' id='word_1_92' title='bbox 809 1395 965 1481; x_wconf 80' lang='lat' dir='ltr'><strong>praeferre</strong></span> <span class='ocrx_word' id='word_1_93' title='bbox 987 1395 1065 1481; x_wconf 89' lang='lat' dir='ltr'><strong>quod</strong></span> <span class='ocrx_word' id='word_1_94' title='bbox 1086 1393 1119 1460; x_wconf 92' lang='lat' dir='ltr'><strong>in</strong></span> <span class='ocrx_word' id='word_1_95' title='bbox 1132 1393 1197 1459; x_wconf 88' lang='lat' dir='ltr'><strong>Pal.</strong></span> 
     </span>
     <span class='ocr_line' id='line_1_12' title="bbox 87 1491 1200 1585; baseline 0.002 -22"><span class='ocrx_word' id='word_1_96' title='bbox 87 1509 114 1563; x_wconf 90' lang='lat' dir='ltr'><strong>et</strong></span> <span class='ocrx_word' id='word_1_97' title='bbox 132 1499 198 1564; x_wconf 83' lang='lat' dir='ltr'><strong>AId.</strong></span> <span class='ocrx_word' id='word_1_98' title='bbox 224 1499 339 1584; x_wconf 83' lang='lat' dir='ltr'><strong>legitur</strong></span> <span class='ocrx_word' id='word_1_99' title='bbox 360 1491 528 1573; x_wconf 77' lang='grc' dir='ltr'><strong><em>δεσπότις.</em></strong></span> <span class='ocrx_word' id='word_1_100' title='bbox 571 1497 605 1563; x_wconf 90' lang='lat' dir='ltr'><strong>in</strong></span> <span class='ocrx_word' id='word_1_101' title='bbox 627 1495 755 1582; x_wconf 87' lang='lat' dir='ltr'><strong>Appian.</strong></span> <span class='ocrx_word' id='word_1_102' title='bbox 781 1496 850 1562; x_wconf 83' lang='lat' dir='ltr'><strong>civ.</strong></span> <span class='ocrx_word' id='word_1_103' title='bbox 869 1495 894 1562; x_wconf 89' lang='grc' dir='ltr'><strong>Ι.</strong></span> <span class='ocrx_word' id='word_1_104' title='bbox 919 1495 950 1565; x_wconf 95' lang='grc'><strong>1.</strong></span> <span class='ocrx_word' id='word_1_105' title='bbox 974 1494 1117 1585; x_wconf 73' lang='grc' dir='ltr'><strong><em>δδῆμος</em></strong></span> <span class='ocrx_word' id='word_1_106' title='bbox 1135 1491 1200 1585; x_wconf 87' lang='grc' dir='ltr'><strong><em>αἶρ-</em></strong></span> 
     </span>
     <span class='ocr_line' id='line_1_13' title="bbox 86 1595 1200 1692; baseline -0.004 -22"><span class='ocrx_word' id='word_1_107' title='bbox 86 1601 143 1692; x_wconf 75' lang='grc' dir='ltr'><strong>χὴν</strong></span> <span class='ocrx_word' id='word_1_108' title='bbox 160 1601 287 1670; x_wconf 73' lang='grc' dir='ltr'><strong><em>ἑαυτοῦ</em></strong></span> <span class='ocrx_word' id='word_1_109' title='bbox 311 1597 512 1690; x_wconf 74' lang='grc' dir='ltr'><strong><em>προστάτην</em></strong></span> <span class='ocrx_word' id='word_1_110' title='bbox 532 1595 707 1690; x_wconf 77' lang='grc' dir='ltr'><strong><em>οἷπδφηνε,</em></strong></span> <span class='ocrx_word' id='word_1_111' title='bbox 733 1601 791 1665; x_wconf 91' lang='lat' dir='ltr'><strong>duo</strong></span> <span class='ocrx_word' id='word_1_112' title='bbox 813 1601 898 1668; x_wconf 84' lang='lat' dir='ltr'><strong>codd.</strong></span> <span class='ocrx_word' id='word_1_113' title='bbox 919 1601 1098 1666; x_wconf 79' lang='lat' dir='ltr'><strong>feminibum</strong></span> <span class='ocrx_word' id='word_1_114' title='bbox 1125 1599 1200 1666; x_wconf 85' lang='lat' dir='ltr'><strong>offe·</strong></span> 
     </span>
     <span class='ocr_line' id='line_1_14' title="bbox 86 1700 1198 1791; baseline 0.002 -23"><span class='ocrx_word' id='word_1_115' title='bbox 86 1716 162 1784; x_wconf 89' lang='lat' dir='ltr'><strong>runt,</strong></span> <span class='ocrx_word' id='word_1_116' title='bbox 186 1706 264 1790; x_wconf 90' lang='lat' dir='ltr'><strong>quod</strong></span> <span class='ocrx_word' id='word_1_117' title='bbox 288 1705 345 1769; x_wconf 88' lang='lat' dir='ltr'><strong>boo</strong></span> <span class='ocrx_word' id='word_1_118' title='bbox 373 1706 440 1770; x_wconf 84' lang='lat' dir='ltr'><strong>loeo</strong></span> <span class='ocrx_word' id='word_1_119' title='bbox 468 1705 566 1790; x_wconf 84' lang='lat' dir='ltr'><strong>aptius</strong></span> <span class='ocrx_word' id='word_1_120' title='bbox 588 1706 731 1782; x_wconf 85' lang='lat' dir='ltr'><strong>videtur,</strong></span> <span class='ocrx_word' id='word_1_121' title='bbox 760 1703 898 1789; x_wconf 86' lang='lat' dir='ltr'><strong>idemque</strong></span> <span class='ocrx_word' id='word_1_122' title='bbox 931 1723 1027 1791; x_wconf 87' lang='lat' dir='ltr'><strong>genus</strong></span> <span class='ocrx_word' id='word_1_123' title='bbox 1055 1703 1088 1768; x_wconf 94' lang='lat' dir='ltr'><strong>in</strong></span> <span class='ocrx_word' id='word_1_124' title='bbox 1114 1700 1198 1772; x_wconf 83' lang='lat' dir='ltr'><strong>Stob.</strong></span> 
     </span>
     <span class='ocr_line' id='line_1_15' title="bbox 87 1801 1199 1898; baseline 0.005 -27"><span class='ocrx_word' id='word_1_125' title='bbox 87 1807 176 1872; x_wconf 81' lang='lat' dir='ltr'><strong>serm.</strong></span> <span class='ocrx_word' id='word_1_126' title='bbox 203 1807 331 1874; x_wconf 84' lang='lat' dir='ltr'><strong>LXVII.</strong></span> <span class='ocrx_word' id='word_1_127' title='bbox 359 1807 415 1886; x_wconf 91' lang='grc'><strong>24,</strong></span> <span class='ocrx_word' id='word_1_128' title='bbox 438 1805 515 1876; x_wconf 80' lang='grc'><strong>215.</strong></span> <span class='ocrx_word' id='word_1_129' title='bbox 539 1803 627 1898; x_wconf 72' lang='lat' dir='ltr'><strong>pueri</strong></span> <span class='ocrx_word' id='word_1_130' title='bbox 653 1803 790 1895; x_wconf 83' lang='grc' dir='ltr'><strong><em>(α’ρίστη</em></strong></span> <span class='ocrx_word' id='word_1_131' title='bbox 809 1805 917 1891; x_wconf 73' lang='grc' dir='ltr'><strong><em>ἐστὶν)</em></strong></span> <span class='ocrx_word' id='word_1_132' title='bbox 941 1809 981 1876; x_wconf 75' lang='grc' dir='ltr'><strong>ἐν</strong></span> <span class='ocrx_word' id='word_1_133' title='bbox 1000 1801 1117 1884; x_wconf 74' lang='grc' dir='ltr'><strong><em>νόσοις</em></strong></span> <span class='ocrx_word' id='word_1_134' title='bbox 1128 1831 1199 1877; x_wconf 83' lang='grc' dir='ltr'><strong>πα·</strong></span> 
     </span>
     <span class='ocr_line' id='line_1_16' title="bbox 87 1907 1199 1998; baseline 0 -20"><span class='ocrx_word' id='word_1_135' title='bbox 87 1907 249 1998; x_wconf 78' lang='grc' dir='ltr'><strong><em>ραστσέτις,</em></strong></span> <span class='ocrx_word' id='word_1_136' title='bbox 277 1911 382 1978; x_wconf 86' lang='lat' dir='ltr'><strong>eudem</strong></span> <span class='ocrx_word' id='word_1_137' title='bbox 405 1912 586 1998; x_wconf 81' lang='lat' dir='ltr'><strong>auctoritate</strong></span> <span class='ocrx_word' id='word_1_138' title='bbox 606 1911 773 1997; x_wconf 86' lang='lat' dir='ltr'><strong>repositum</strong></span> <span class='ocrx_word' id='word_1_139' title='bbox 796 1921 861 1987; x_wconf 70' lang='grc' dir='ltr'><strong>τοῖς</strong></span> <span class='ocrx_word' id='word_1_140' title='bbox 883 1909 917 1974; x_wconf 90' lang='lat' dir='ltr'><strong>in</strong></span> <span class='ocrx_word' id='word_1_141' title='bbox 940 1909 1031 1997; x_wconf 87' lang='lat' dir='ltr'><strong>Corp.</strong></span> <span class='ocrx_word' id='word_1_142' title='bbox 1055 1911 1152 1979; x_wconf 88' lang='lat' dir='ltr'><strong>inser.</strong></span> <span class='ocrx_word' id='word_1_143' title='bbox 1173 1909 1199 1980; x_wconf 92' lang='lat' dir='ltr'><strong>I.</strong></span> 
     </span>
     <span class='ocr_line' id='line_1_17' title="bbox 86 2007 1199 2102; baseline 0.001 -23"><span class='ocrx_word' id='word_1_144' title='bbox 86 2013 120 2079; x_wconf 90' lang='lat' dir='ltr'><strong>N.</strong></span> <span class='ocrx_word' id='word_1_145' title='bbox 142 2011 214 2080; x_wconf 92' lang='grc'><strong>387.</strong></span> <span class='ocrx_word' id='word_1_146' title='bbox 238 2013 452 2102; x_wconf 78' lang='grc' dir='ltr'><strong><em>Κτησδκλεια</em></strong></span> <span class='ocrx_word' id='word_1_147' title='bbox 473 2051 518 2064; x_wconf 89' lang='grc'>-</span> <span class='ocrx_word' id='word_1_148' title='bbox 534 2007 713 2102; x_wconf 75' lang='grc' dir='ltr'><strong><em>ὄργιαστήα</em></strong></span> <span class='ocrx_word' id='word_1_149' title='bbox 736 2012 904 2078; x_wconf 82' lang='lat' dir='ltr'><strong>boeokhius</strong></span> <span class='ocrx_word' id='word_1_150' title='bbox 927 2013 1013 2098; x_wconf 86' lang='lat' dir='ltr'><strong>justa</strong></span> <span class='ocrx_word' id='word_1_151' title='bbox 1041 2015 1078 2080; x_wconf 90' lang='lat' dir='ltr'><strong>de</strong></span> <span class='ocrx_word' id='word_1_152' title='bbox 1107 2035 1199 2080; x_wconf 86' lang='lat' dir='ltr'><strong>eausa</strong></span> 
     </span>
     <span class='ocr_line' id='line_1_18' title="bbox 87 2113 1200 2205; baseline 0.003 -24"><span class='ocrx_word' id='word_1_153' title='bbox 87 2119 254 2185; x_wconf 80' lang='lat' dir='ltr'><strong>femininum</strong></span> <span class='ocrx_word' id='word_1_154' title='bbox 279 2119 426 2202; x_wconf 81' lang='lat' dir='ltr'><strong>requirit3</strong></span> <span class='ocrx_word' id='word_1_155' title='bbox 457 2137 515 2182; x_wconf 85' lang='lat' dir='ltr'><strong>neo</strong></span> <span class='ocrx_word' id='word_1_156' title='bbox 535 2117 720 2203; x_wconf 80' lang='lat' dir='ltr'><strong>pertinacius</strong></span> <span class='ocrx_word' id='word_1_157' title='bbox 743 2115 899 2180; x_wconf 84' lang='lat' dir='ltr'><strong>defendam</strong></span> <span class='ocrx_word' id='word_1_158' title='bbox 920 2113 1093 2200; x_wconf 82' lang='lat' dir='ltr'><strong>Euripidem</strong></span> <span class='ocrx_word' id='word_1_159' title='bbox 1116 2117 1200 2205; x_wconf 84' lang='grc' dir='ltr'><strong>Πη-</strong></span> 
     </span>
     <span class='ocr_line' id='line_1_19' title="bbox 86 2216 1199 2313; baseline -0.001 -25"><span class='ocrx_word' id='word_1_160' title='bbox 86 2219 169 2310; x_wconf 74' lang='lat' dir='ltr'><strong>Iot&#39;dp</strong></span> <span class='ocrx_word' id='word_1_161' title='bbox 191 2221 298 2308; x_wconf 75' lang='grc' dir='ltr'><strong><em>γέννα</em></strong></span> <span class='ocrx_word' id='word_1_162' title='bbox 320 2221 393 2286; x_wconf 88' lang='lat' dir='ltr'><strong>Heo.</strong></span> <span class='ocrx_word' id='word_1_163' title='bbox 424 2219 500 2286; x_wconf 91' lang='grc'><strong>191.</strong></span> <span class='ocrx_word' id='word_1_164' title='bbox 529 2219 689 2305; x_wconf 80' lang='lat' dir='ltr'><strong>scripsisse</strong></span> <span class='ocrx_word' id='word_1_165' title='bbox 718 2219 787 2283; x_wconf 90' lang='lat' dir='ltr'><strong>ideo</strong></span> <span class='ocrx_word' id='word_1_166' title='bbox 818 2217 896 2302; x_wconf 91' lang='lat' dir='ltr'><strong>quod</strong></span> <span class='ocrx_word' id='word_1_167' title='bbox 923 2216 1022 2286; x_wconf 78' lang='grc' dir='ltr'><strong><em>παιδὶ</em></strong></span> <span class='ocrx_word' id='word_1_168' title='bbox 1041 2219 1199 2313; x_wconf 77' lang='grc' dir='ltr'><strong><em>Πηλείδῃ</em></strong></span> 
     </span>
     <span class='ocr_line' id='line_1_20' title="bbox 88 2312 1199 2411; baseline -0.001 -23"><span class='ocrx_word' id='word_1_169' title='bbox 88 2325 130 2407; x_wconf 88' lang='lat' dir='ltr'><strong>(ut</strong></span> <span class='ocrx_word' id='word_1_170' title='bbox 156 2325 280 2400; x_wconf 77' lang='grc' dir='ltr'><strong><em>παῖδες</em></strong></span> <span class='ocrx_word' id='word_1_171' title='bbox 314 2321 525 2411; x_wconf 77' lang='grc' dir='ltr'><strong><em>Τυνδαρίδαι</em></strong></span> <span class='ocrx_word' id='word_1_172' title='bbox 554 2323 624 2389; x_wconf 78' lang='lat' dir='ltr'><strong>rtet.</strong></span> <span class='ocrx_word' id='word_1_173' title='bbox 661 2321 756 2390; x_wconf 91' lang='grc'><strong>1497.</strong></span> <span class='ocrx_word' id='word_1_174' title='bbox 790 2331 874 2394; x_wconf 74' lang='grc' dir='ltr'><strong><em>παῖς</em></strong></span> <span class='ocrx_word' id='word_1_175' title='bbox 899 2312 1199 2410; x_wconf 67' lang='grc' dir='ltr'><strong><em>Ἀγαμεμνονίδης</em></strong></span> 
     </span>
     <span class='ocr_line' id='line_1_21' title="bbox 87 2423 1199 2513; baseline 0.002 -24"><span class='ocrx_word' id='word_1_176' title='bbox 87 2425 168 2513; x_wconf 83' lang='grc' dir='ltr'><strong>8ορ1ι.</strong></span> <span class='ocrx_word' id='word_1_177' title='bbox 191 2429 241 2493; x_wconf 87' lang='lat' dir='ltr'><strong>EI.</strong></span> <span class='ocrx_word' id='word_1_178' title='bbox 271 2425 364 2513; x_wconf 88' lang='grc'><strong>182.)</strong></span> <span class='ocrx_word' id='word_1_179' title='bbox 387 2427 551 2492; x_wconf 86' lang='lat' dir='ltr'><strong>memoriae</strong></span> <span class='ocrx_word' id='word_1_180' title='bbox 574 2429 750 2504; x_wconf 82' lang='lat' dir='ltr'><strong>oberraret3</strong></span> <span class='ocrx_word' id='word_1_181' title='bbox 774 2425 827 2490; x_wconf 91' lang='lat' dir='ltr'><strong>sed</strong></span> <span class='ocrx_word' id='word_1_182' title='bbox 849 2423 983 2490; x_wconf 88' lang='lat' dir='ltr'><strong>seribere</strong></span> <span class='ocrx_word' id='word_1_183' title='bbox 1005 2423 1048 2488; x_wconf 85' lang='lat' dir='ltr'><strong>ita</strong></span> <span class='ocrx_word' id='word_1_184' title='bbox 1060 2424 1199 2512; x_wconf 88' lang='lat' dir='ltr'><strong>potuisse</strong></span> 
     </span>
     <span class='ocr_line' id='line_1_22' title="bbox 86 2521 1199 2618; baseline 0.003 -26"><span class='ocrx_word' id='word_1_185' title='bbox 86 2549 141 2594; x_wconf 86' lang='lat' dir='ltr'><strong>non</strong></span> <span class='ocrx_word' id='word_1_186' title='bbox 160 2551 284 2618; x_wconf 84' lang='lat' dir='ltr'><strong>negem.</strong></span> <span class='ocrx_word' id='word_1_187' title='bbox 332 2529 490 2608; x_wconf 85' lang='lat' dir='ltr'><strong>Cratinus,</strong></span> <span class='ocrx_word' id='word_1_188' title='bbox 513 2541 548 2596; x_wconf 91' lang='lat' dir='ltr'><strong>ut</strong></span> <span class='ocrx_word' id='word_1_189' title='bbox 569 2529 693 2596; x_wconf 89' lang='lat' dir='ltr'><strong>Photius</strong></span> <span class='ocrx_word' id='word_1_190' title='bbox 715 2527 771 2606; x_wconf 85' lang='lat' dir='ltr'><strong>eit,</strong></span> <span class='ocrx_word' id='word_1_191' title='bbox 793 2521 956 2616; x_wconf 75' lang='grc' dir='ltr'><strong><em>μιρνατήν</em></strong></span> <span class='ocrx_word' id='word_1_192' title='bbox 969 2521 1035 2613; x_wconf 73' lang='grc' dir='ltr'><strong>τήν</strong></span> <span class='ocrx_word' id='word_1_193' title='bbox 1049 2537 1199 2616; x_wconf 73' lang='grc' dir='ltr'><strong><em>γυναῖκα</em></strong></span> 
     </span>
     <span class='ocr_line' id='line_1_23' title="bbox 84 2623 1195 2721; baseline -0.001 -25"><span class='ocrx_word' id='word_1_194' title='bbox 84 2629 166 2710; x_wconf 77' lang='grc' dir='ltr'><strong><em>εἶπε,</em></strong></span> <span class='ocrx_word' id='word_1_195' title='bbox 189 2635 325 2700; x_wconf 85' lang='lat' dir='ltr'><strong>fortasse</strong></span> <span class='ocrx_word' id='word_1_196' title='bbox 351 2633 465 2698; x_wconf 87' lang='lat' dir='ltr'><strong>eomioe</strong></span> <span class='ocrx_word' id='word_1_197' title='bbox 486 2633 592 2698; x_wconf 88' lang='lat' dir='ltr'><strong>ludens</strong></span> <span class='ocrx_word' id='word_1_198' title='bbox 616 2642 652 2697; x_wconf 87' lang='lat' dir='ltr'><strong>ut</strong></span> <span class='ocrx_word' id='word_1_199' title='bbox 672 2627 697 2718; x_wconf 73' lang='grc' dir='ltr'><strong>η’</strong></span> <span class='ocrx_word' id='word_1_200' title='bbox 715 2623 939 2721; x_wconf 65' lang='grc' dir='ltr'><strong><em>γραμματεύς</em></strong></span> <span class='ocrx_word' id='word_1_201' title='bbox 960 2628 1056 2694; x_wconf 89' lang='lat' dir='ltr'><strong>Arist.</strong></span> <span class='ocrx_word' id='word_1_202' title='bbox 1072 2629 1195 2695; x_wconf 89' lang='lat' dir='ltr'><strong>Thesm.</strong></span> 
     </span>
     <span class='ocr_line' id='line_1_24' title="bbox 85 2727 1198 2822; baseline 0.003 -23"><span class='ocrx_word' id='word_1_203' title='bbox 85 2733 153 2800; x_wconf 87' lang='grc'><strong>431.</strong></span> <span class='ocrx_word' id='word_1_204' title='bbox 167 2757 225 2822; x_wconf 83' lang='lat' dir='ltr'><strong>quo</strong></span> <span class='ocrx_word' id='word_1_205' title='bbox 242 2736 424 2801; x_wconf 85' lang='lat' dir='ltr'><strong>Eustathius</strong></span> <span class='ocrx_word' id='word_1_206' title='bbox 445 2735 580 2801; x_wconf 85' lang='lat' dir='ltr'><strong>abutitur</strong></span> <span class='ocrx_word' id='word_1_207' title='bbox 592 2758 622 2822; x_wconf 92' lang='lat' dir='ltr'><strong>p.</strong></span> <span class='ocrx_word' id='word_1_208' title='bbox 635 2733 731 2812; x_wconf 90' lang='grc'><strong>1484,</strong></span> <span class='ocrx_word' id='word_1_209' title='bbox 747 2735 780 2799; x_wconf 93' lang='grc'><strong>4.</strong></span> <span class='ocrx_word' id='word_1_210' title='bbox 798 2735 935 2820; x_wconf 86' lang='lat' dir='ltr'><strong>idemque</strong></span> <span class='ocrx_word' id='word_1_211' title='bbox 957 2743 1047 2818; x_wconf 85' lang='lat' dir='ltr'><strong>poeta</strong></span> <span class='ocrx_word' id='word_1_212' title='bbox 1068 2727 1198 2821; x_wconf 82' lang='grc' dir='ltr'><strong><em>ῥήτορα</em></strong></span> 
     </span>
     <span class='ocr_line' id='line_1_25' title="bbox 84 2831 1196 2929; baseline -0.003 -27"><span class='ocrx_word' id='word_1_213' title='bbox 84 2835 143 2924; x_wconf 80' lang='grc' dir='ltr'><strong>τήν</strong></span> <span class='ocrx_word' id='word_1_214' title='bbox 163 2831 324 2929; x_wconf 69' lang='grc' dir='ltr'><strong><em>γυναῖκα</em></strong></span> <span class='ocrx_word' id='word_1_215' title='bbox 338 2839 416 2903; x_wconf 78' lang='lat' dir='ltr'><strong>dixit</strong></span> <span class='ocrx_word' id='word_1_216' title='bbox 437 2838 525 2904; x_wconf 90' lang='lat' dir='ltr'><strong>Pbot.</strong></span> <span class='ocrx_word' id='word_1_217' title='bbox 552 2859 650 2925; x_wconf 87' lang='lat' dir='ltr'><strong>neque</strong></span> <span class='ocrx_word' id='word_1_218' title='bbox 672 2837 754 2905; x_wconf 92' lang='lat' dir='ltr'><strong>serio</strong></span> <span class='ocrx_word' id='word_1_219' title='bbox 778 2837 836 2902; x_wconf 87' lang='lat' dir='ltr'><strong>diei</strong></span> <span class='ocrx_word' id='word_1_220' title='bbox 851 2835 949 2924; x_wconf 90' lang='lat' dir='ltr'><strong>potuit</strong></span> <span class='ocrx_word' id='word_1_221' title='bbox 964 2835 1196 2916; x_wconf 80' lang='lat' dir='ltr'><strong>heeosmrutor,</strong></span> 
     </span>
     <span class='ocr_line' id='line_1_26' title="bbox 85 2937 1199 3028; baseline 0.002 -24"><span class='ocrx_word' id='word_1_222' title='bbox 85 2943 154 3024; x_wconf 85' lang='lat' dir='ltr'><strong>quod</strong></span> <span class='ocrx_word' id='word_1_223' title='bbox 181 2941 313 3009; x_wconf 80' lang='lat' dir='ltr'><strong>Servius</strong></span> <span class='ocrx_word' id='word_1_224' title='bbox 342 2951 515 3006; x_wconf 86' lang='lat' dir='ltr'><strong>attestatur.</strong></span> <span class='ocrx_word' id='word_1_225' title='bbox 566 2939 633 3006; x_wconf 83' lang='lat' dir='ltr'><strong>dum</strong></span> <span class='ocrx_word' id='word_1_226' title='bbox 661 2943 689 3008; x_wconf 91' lang='lat' dir='ltr'><strong>si</strong></span> <span class='ocrx_word' id='word_1_227' title='bbox 717 2941 841 3028; x_wconf 85' lang='lat' dir='ltr'><strong>Longus</strong></span> <span class='ocrx_word' id='word_1_228' title='bbox 863 2939 917 3008; x_wconf 89' lang='lat' dir='ltr'><strong>III.</strong></span> <span class='ocrx_word' id='word_1_229' title='bbox 940 2939 996 3008; x_wconf 90' lang='grc'><strong>22.</strong></span> <span class='ocrx_word' id='word_1_230' title='bbox 1020 2961 1051 3027; x_wconf 91' lang='lat' dir='ltr'><strong>p.</strong></span> <span class='ocrx_word' id='word_1_231' title='bbox 1075 2937 1130 3005; x_wconf 87' lang='grc'><strong>91.</strong></span> <span class='ocrx_word' id='word_1_232' title='bbox 1154 2939 1199 3006; x_wconf 84' lang='lat' dir='ltr'><strong>ite</strong></span> 
     </span>
     <span class='ocr_line' id='line_1_27' title="bbox 84 3039 1199 3135; baseline 0.003 -29"><span class='ocrx_word' id='word_1_233' title='bbox 84 3043 197 3130; x_wconf 77' lang='lat' dir='ltr'><strong>scripsit</strong></span> <span class='ocrx_word' id='word_1_234' title='bbox 219 3044 251 3114; x_wconf 42' lang='grc' dir='ltr'><strong>δ’</strong></span> <span class='ocrx_word' id='word_1_235' title='bbox 265 3039 380 3114; x_wconf 73' lang='lat' dir='ltr'><strong>edisio</strong></span> <span class='ocrx_word' id='word_1_236' title='bbox 396 3041 538 3114; x_wconf 73' lang='grc' dir='ltr'><strong><em>πάντων</em></strong></span> <span class='ocrx_word' id='word_1_237' title='bbox 550 3043 621 3112; x_wconf 81' lang='grc' dir='ltr'><strong>τῶν</strong></span> <span class='ocrx_word' id='word_1_238' title='bbox 638 3043 888 3135; x_wconf 69' lang='grc' dir='ltr'><strong><em>φθεγγομένων</em></strong></span> <span class='ocrx_word' id='word_1_239' title='bbox 902 3041 1061 3134; x_wconf 65' lang='lat' dir='ltr'><strong>pauperie</strong></span> <span class='ocrx_word' id='word_1_240' title='bbox 1075 3039 1199 3131; x_wconf 75' lang='grc' dir='ltr'><strong><em>φοινῆν</em></strong></span> 
     </span>
     <span class='ocr_line' id='line_1_28' title="bbox 84 3139 1199 3236; baseline 0 -24"><span class='ocrx_word' id='word_1_241' title='bbox 84 3139 266 3226; x_wconf 79' lang='grc' dir='ltr'><strong><em>α’πεδίδοα,</em></strong></span> <span class='ocrx_word' id='word_1_242' title='bbox 305 3147 336 3212; x_wconf 91' lang='lat' dir='ltr'><strong>id</strong></span> <span class='ocrx_word' id='word_1_243' title='bbox 364 3158 447 3212; x_wconf 83' lang='lat' dir='ltr'><strong>uerte</strong></span> <span class='ocrx_word' id='word_1_244' title='bbox 474 3147 528 3212; x_wconf 92' lang='lat' dir='ltr'><strong>illo</strong></span> <span class='ocrx_word' id='word_1_245' title='bbox 552 3147 695 3214; x_wconf 89' lang='lat' dir='ltr'><strong>Cratineo</strong></span> <span class='ocrx_word' id='word_1_246' title='bbox 725 3147 885 3236; x_wconf 85' lang='lat' dir='ltr'><strong>exemplo,</strong></span> <span class='ocrx_word' id='word_1_247' title='bbox 917 3148 995 3235; x_wconf 91' lang='lat' dir='ltr'><strong>quod</strong></span> <span class='ocrx_word' id='word_1_248' title='bbox 1017 3145 1199 3212; x_wconf 85' lang='lat' dir='ltr'><strong>Sohaeferus</strong></span> 
     </span>
     <span class='ocr_line' id='line_1_29' title="bbox 84 3245 1197 3338; baseline 0.002 -27"><span class='ocrx_word' id='word_1_249' title='bbox 84 3247 194 3317; x_wconf 82' lang='lat' dir='ltr'><strong>adhibet</strong></span> <span class='ocrx_word' id='word_1_250' title='bbox 215 3253 258 3318; x_wconf 85' lang='lat' dir='ltr'><strong>ad</strong></span> <span class='ocrx_word' id='word_1_251' title='bbox 282 3249 382 3338; x_wconf 86' lang='lat' dir='ltr'><strong>Apoll.</strong></span> <span class='ocrx_word' id='word_1_252' title='bbox 398 3249 499 3314; x_wconf 88' lang='lat' dir='ltr'><strong>Sehol.</strong></span> <span class='ocrx_word' id='word_1_253' title='bbox 514 3271 545 3336; x_wconf 93' lang='lat' dir='ltr'><strong>p.</strong></span> <span class='ocrx_word' id='word_1_254' title='bbox 561 3249 637 3318; x_wconf 80' lang='grc'><strong>628.</strong></span> <span class='ocrx_word' id='word_1_255' title='bbox 662 3245 806 3316; x_wconf 79' lang='lat' dir='ltr'><strong>excusari</strong></span> <span class='ocrx_word' id='word_1_256' title='bbox 827 3252 951 3338; x_wconf 89' lang='lat' dir='ltr'><strong>nequit,</strong></span> <span class='ocrx_word' id='word_1_257' title='bbox 975 3269 1073 3335; x_wconf 89' lang='lat' dir='ltr'><strong>neque</strong></span> <span class='ocrx_word' id='word_1_258' title='bbox 1095 3259 1197 3336; x_wconf 88' lang='lat' dir='ltr'><strong>aptum</strong></span> 
     </span>
     <span class='ocr_line' id='line_1_30' title="bbox 83 3345 1197 3442; baseline 0.002 -28"><span class='ocrx_word' id='word_1_259' title='bbox 83 3357 237 3440; x_wconf 75' lang='lat' dir='ltr'><strong>estquod</strong></span> <span class='ocrx_word' id='word_1_260' title='bbox 261 3354 295 3418; x_wconf 92' lang='lat' dir='ltr'><strong>in</strong></span> <span class='ocrx_word' id='word_1_261' title='bbox 318 3351 399 3417; x_wconf 90' lang='lat' dir='ltr'><strong>Adu.</strong></span> <span class='ocrx_word' id='word_1_262' title='bbox 423 3353 461 3416; x_wconf 86' lang='lat' dir='ltr'><strong>ad</strong></span> <span class='ocrx_word' id='word_1_263' title='bbox 481 3351 579 3440; x_wconf 83' lang='lat' dir='ltr'><strong>Long.</strong></span> <span class='ocrx_word' id='word_1_264' title='bbox 606 3359 637 3440; x_wconf 83' lang='lat' dir='ltr'><strong>p&#39;.</strong></span> <span class='ocrx_word' id='word_1_265' title='bbox 661 3353 737 3420; x_wconf 87' lang='grc'><strong>382.</strong></span> <span class='ocrx_word' id='word_1_266' title='bbox 761 3356 916 3440; x_wconf 90' lang='lat' dir='ltr'><strong>proposuit</strong></span> <span class='ocrx_word' id='word_1_267' title='bbox 935 3345 1113 3442; x_wconf 72' lang='grc' dir='ltr'><strong><em>μιινηλήν,</em></strong></span> <span class='ocrx_word' id='word_1_268' title='bbox 1142 3349 1197 3416; x_wconf 89' lang='lat' dir='ltr'><strong>sed</strong></span> 
     </span>
     <span class='ocr_line' id='line_1_31' title="bbox 81 3447 1197 3547; baseline 0.001 -27"><span class='ocrx_word' id='word_1_269' title='bbox 81 3454 233 3547; x_wconf 76' lang='grc' dir='ltr'><strong><em>μιρνητήν</em></strong></span> <span class='ocrx_word' id='word_1_270' title='bbox 257 3456 463 3543; x_wconf 78' lang='lat' dir='ltr'><strong>arripiendum</strong></span> <span class='ocrx_word' id='word_1_271' title='bbox 493 3477 548 3542; x_wconf 90' lang='lat' dir='ltr'><strong>pro</strong></span> <span class='ocrx_word' id='word_1_272' title='bbox 580 3459 728 3544; x_wconf 78' lang='lat' dir='ltr'><strong>adjectivo</strong></span> <span class='ocrx_word' id='word_1_273' title='bbox 758 3460 930 3534; x_wconf 76' lang='lat' dir='ltr'><strong>imitatura,</strong></span> <span class='ocrx_word' id='word_1_274' title='bbox 960 3447 1104 3524; x_wconf 74' lang='grc' dir='ltr'><strong><em>πάντων</em></strong></span> <span class='ocrx_word' id='word_1_275' title='bbox 1131 3451 1197 3539; x_wconf 67' lang='grc' dir='ltr'><strong>τήν</strong></span> 
     </span>
     <span class='ocr_line' id='line_1_32' title="bbox 82 3554 1195 3646; baseline -0.005 -22"><span class='ocrx_word' id='word_1_276' title='bbox 82 3555 197 3646; x_wconf 74' lang='grc' dir='ltr'><strong><em>φωνήν</em></strong></span> <span class='ocrx_word' id='word_1_277' title='bbox 219 3556 388 3629; x_wconf 81' lang='grc' dir='ltr'><strong><em>α’πεδίδοα</em></strong></span> <span class='ocrx_word' id='word_1_278' title='bbox 407 3556 566 3646; x_wconf 68' lang='grc' dir='ltr'><strong><em>μιινητήν</em></strong></span> <span class='ocrx_word' id='word_1_279' title='bbox 578 3596 621 3608; x_wconf 93' lang='lat'><em>-</em></span> <span class='ocrx_word' id='word_1_280' title='bbox 634 3558 704 3627; x_wconf 78' lang='grc' dir='ltr'><strong>τῶν</strong></span> <span class='ocrx_word' id='word_1_281' title='bbox 727 3559 852 3628; x_wconf 80' lang='grc' dir='ltr'><strong><em>κωπῶν</em></strong></span> <span class='ocrx_word' id='word_1_282' title='bbox 867 3597 911 3609; x_wconf 90' lang='lat'>-</span> <span class='ocrx_word' id='word_1_283' title='bbox 923 3560 993 3626; x_wconf 82' lang='grc' dir='ltr'><strong>τῶν</strong></span> <span class='ocrx_word' id='word_1_284' title='bbox 1006 3554 1195 3639; x_wconf 71' lang='grc' dir='ltr'><strong>ναντῶν9).</strong></span> 
     </span>
     <span class='ocr_line' id='line_1_33' title="bbox 82 3655 1198 3751; baseline 0.002 -29"><span class='ocrx_word' id='word_1_285' title='bbox 82 3655 114 3722; x_wconf 91' lang='lat' dir='ltr'><strong>In</strong></span> <span class='ocrx_word' id='word_1_286' title='bbox 141 3660 295 3729; x_wconf 84' lang='lat' dir='ltr'><strong>Athenaei</strong></span> <span class='ocrx_word' id='word_1_287' title='bbox 324 3661 362 3728; x_wconf 91' lang='lat' dir='ltr'><strong>L.</strong></span> <span class='ocrx_word' id='word_1_288' title='bbox 385 3659 470 3726; x_wconf 85' lang='lat' dir='ltr'><strong>XIII.</strong></span> <span class='ocrx_word' id='word_1_289' title='bbox 495 3659 570 3729; x_wconf 87' lang='grc'><strong>601.</strong></span> <span class='ocrx_word' id='word_1_290' title='bbox 601 3661 636 3728; x_wconf 88' lang='grc' dir='ltr'><strong>Β.</strong></span> <span class='ocrx_word' id='word_1_291' title='bbox 667 3655 900 3751; x_wconf 80' lang='grc' dir='ltr'><strong><em>παιδεραστοῖν</em></strong></span> <span class='ocrx_word' id='word_1_292' title='bbox 935 3683 1027 3735; x_wconf 77' lang='grc' dir='ltr'><strong><em>τινες</em></strong></span> <span class='ocrx_word' id='word_1_293' title='bbox 1055 3655 1198 3726; x_wconf 77' lang='grc' dir='ltr'><strong><em>καλοῦσι</em></strong></span> 
     </span>
    </p>
   </div>
   <div class='ocr_carea' id='block_1_3' title="bbox 88 3823 299 3842">
    <p class='ocr_par' dir='ltr' id='par_1_3' title="bbox 88 3823 299 3842">
     <span class='ocr_line' id='line_1_34' title="bbox 88 3823 299 3842; baseline 0.009 -3"><span class='ocrx_word' id='word_1_294' title='bbox 88 3823 299 3842; x_wconf 51' lang='lat' dir='ltr'><strong>—Q-——nn</strong></span> 
     </span>
    </p>
   </div>
   <div class='ocr_carea' id='block_1_4' title="bbox 79 3920 1196 4259">
    <p class='ocr_par' dir='ltr' id='par_1_4' title="bbox 79 3920 1196 4259">
     <span class='ocr_line' id='line_1_35' title="bbox 144 3920 1196 4001; baseline -0.005 -19"><span class='ocrx_word' id='word_1_295' title='bbox 144 3929 173 3994; x_wconf 86' lang='grc'><strong>9)</strong></span> <span class='ocrx_word' id='word_1_296' title='bbox 191 3929 321 3983; x_wconf 82' lang='lat' dir='ltr'><strong>Siunerus</strong></span> <span class='ocrx_word' id='word_1_297' title='bbox 332 3946 357 3998; x_wconf 88' lang='lat' dir='ltr'><strong>p.</strong></span> <span class='ocrx_word' id='word_1_298' title='bbox 369 3929 428 3985; x_wconf 82' lang='grc'><strong>197.</strong></span> <span class='ocrx_word' id='word_1_299' title='bbox 443 3930 488 3998; x_wconf 83' lang='lat' dir='ltr'><strong>qui</strong></span> <span class='ocrx_word' id='word_1_300' title='bbox 505 3931 533 3982; x_wconf 87' lang='lat' dir='ltr'><strong>in</strong></span> <span class='ocrx_word' id='word_1_301' title='bbox 550 3925 628 4001; x_wconf 81' lang='grc' dir='ltr'><strong><em>φοινῆ</em></strong></span> <span class='ocrx_word' id='word_1_302' title='bbox 640 3920 766 4000; x_wconf 69' lang='grc' dir='ltr'><strong>μιμητής</strong></span> <span class='ocrx_word' id='word_1_303' title='bbox 785 3930 938 3999; x_wconf 73' lang='lat' dir='ltr'><strong>requiescit,</strong></span> <span class='ocrx_word' id='word_1_304' title='bbox 958 3926 1138 3982; x_wconf 82' lang='lat' dir='ltr'><strong>Gourrierirrm</strong></span> <span class='ocrx_word' id='word_1_305' title='bbox 1151 3925 1196 3978; x_wconf 78' lang='lat' dir='ltr'><strong>ad·</strong></span> 
     </span>
     <span class='ocr_line' id='line_1_36' title="bbox 80 4012 1195 4088; baseline -0.001 -24"><span class='ocrx_word' id='word_1_306' title='bbox 80 4018 151 4065; x_wconf 80' lang='lat' dir='ltr'><strong>notat</strong></span> <span class='ocrx_word' id='word_1_307' title='bbox 169 4016 285 4083; x_wconf 81' lang='lat' dir='ltr'><strong>plurime</strong></span> <span class='ocrx_word' id='word_1_308' title='bbox 306 4017 430 4070; x_wconf 73' lang='lat' dir='ltr'><strong>attulisse</strong></span> <span class='ocrx_word' id='word_1_309' title='bbox 452 4018 569 4084; x_wconf 78' lang='lat' dir='ltr'><strong>exemplu</strong></span> <span class='ocrx_word' id='word_1_310' title='bbox 586 4013 771 4088; x_wconf 79' lang='grc' dir='ltr'><strong><em>πρατοτδπων</em></strong></span> <span class='ocrx_word' id='word_1_311' title='bbox 795 4012 1060 4086; x_wconf 62' lang='lat' dir='ltr'><strong>enumerasset</strong></span> <span class='ocrx_word' id='word_1_312' title='bbox 1083 4013 1195 4066; x_wconf 81' lang='lat' dir='ltr'><strong>Lueien.</strong></span> 
     </span>
     <span class='ocr_line' id='line_1_37' title="bbox 79 4095 1196 4172; baseline 0.007 -25"><span class='ocrx_word' id='word_1_313' title='bbox 79 4095 151 4151; x_wconf 82' lang='lat' dir='ltr'><strong>Astu.</strong></span> <span class='ocrx_word' id='word_1_314' title='bbox 178 4117 206 4169; x_wconf 89' lang='lat' dir='ltr'><strong>p.</strong></span> <span class='ocrx_word' id='word_1_315' title='bbox 225 4101 288 4160; x_wconf 76' lang='grc'><strong>289.</strong></span> <span class='ocrx_word' id='word_1_316' title='bbox 312 4109 340 4155; x_wconf 81' lang='lat' dir='ltr'><strong>et</strong></span> <span class='ocrx_word' id='word_1_317' title='bbox 363 4119 388 4170; x_wconf 91' lang='lat' dir='ltr'><strong>p.</strong></span> <span class='ocrx_word' id='word_1_318' title='bbox 410 4103 468 4156; x_wconf 84' lang='grc'><strong>181.</strong></span> <span class='ocrx_word' id='word_1_319' title='bbox 494 4104 608 4172; x_wconf 62' lang='lat' dir='ltr'><strong>tumque</strong></span> <span class='ocrx_word' id='word_1_320' title='bbox 629 4103 827 4156; x_wconf 84' lang='lat' dir='ltr'><strong>boissonadium</strong></span> <span class='ocrx_word' id='word_1_321' title='bbox 850 4103 884 4155; x_wconf 85' lang='lat' dir='ltr'><strong>ad</strong></span> <span class='ocrx_word' id='word_1_322' title='bbox 903 4101 1014 4156; x_wconf 83' lang='lat' dir='ltr'><strong>Planud.</strong></span> <span class='ocrx_word' id='word_1_323' title='bbox 1038 4099 1101 4156; x_wconf 78' lang='grc' dir='ltr'><strong>Μαι.</strong></span> <span class='ocrx_word' id='word_1_324' title='bbox 1121 4115 1147 4169; x_wconf 87' lang='lat' dir='ltr'><strong>p.</strong></span> <span class='ocrx_word' id='word_1_325' title='bbox 1169 4100 1196 4156; x_wconf 89' lang='lat' dir='ltr'><strong>t.</strong></span> 
     </span>
     <span class='ocr_line' id='line_1_38' title="bbox 82 4179 900 4259; baseline 0.006 -23"><span class='ocrx_word' id='word_1_326' title='bbox 82 4179 214 4250; x_wconf 75' lang='lat' dir='ltr'><strong>Quaenam</strong></span> <span class='ocrx_word' id='word_1_327' title='bbox 227 4188 275 4242; x_wconf 85' lang='lat' dir='ltr'><strong>ille</strong></span> <span class='ocrx_word' id='word_1_328' title='bbox 284 4190 338 4243; x_wconf 72' lang='grc' dir='ltr'><strong>οἰοῖ</strong></span> <span class='ocrx_word' id='word_1_329' title='bbox 353 4190 456 4254; x_wconf 83' lang='lat' dir='ltr'><strong>neeoiu;</strong></span> <span class='ocrx_word' id='word_1_330' title='bbox 475 4191 538 4259; x_wconf 87' lang='lat' dir='ltr'><strong>quin</strong></span> <span class='ocrx_word' id='word_1_331' title='bbox 554 4191 641 4244; x_wconf 81' lang='lat' dir='ltr'><strong>diona</strong></span> <span class='ocrx_word' id='word_1_332' title='bbox 653 4191 719 4253; x_wconf 85' lang='lat' dir='ltr'><strong>siut,</strong></span> <span class='ocrx_word' id='word_1_333' title='bbox 738 4206 788 4243; x_wconf 93' lang='lat' dir='ltr'><strong>non</strong></span> <span class='ocrx_word' id='word_1_334' title='bbox 801 4190 900 4244; x_wconf 89' lang='lat' dir='ltr'><strong>dubito.</strong></span> 
     </span>
    </p>
   </div>
   <div class='ocr_carea' id='block_1_5' title="bbox 0 0 1470 4872">
    <p class='ocr_par' dir='ltr' id='par_1_5' title="bbox 0 0 1470 4872">
     <span class='ocr_line' id='line_1_39' title="bbox 0 0 1470 4872; baseline 0 2"><span class='ocrx_word' id='word_1_335' title='bbox 0 0 1470 4872; x_wconf 95' lang='lat' dir='ltr'><strong> </strong></span> 
     </span>
    </p>
   </div>
  </div>
 </body>
</html>
