2930 4872
193 325 246 392 ns
268 322 475 391 sonsrlrtn
499 319 525 389 1.
548 323 706 394 unctor.
729 324 869 398 nanno
895 326 975 396 1ou.
998 329 1027 416 g.
1042 330 1075 396 a.
1139 329 1212 403 tta
1282 305 1288 312 ’

367 434 374 469 ,
570 439 582 452 ,

15 547 22 566 ,
101 502 183 588 gari,
207 498 357 592 α’ρχεϊος,
389 505 475 590 eujus
497 515 637 589 neutram
666 523 824 589 superesse
855 507 1034 572 substantivi
1063 508 1214 596 signilion·

99 607 217 670 tionem
239 605 351 670 hahens
371 602 411 673 τὸ
431 601 584 697 α’ρχεῖον,
607 608 637 672 id
660 629 716 692 ego
738 629 860 686 vereor,
884 631 922 674 ne
951 611 988 676 ad
1015 632 1080 676 rem
1112 611 1212 678 minus

102 708 276 792 pertineat3
301 729 370 772 nam
393 703 515 798 α’ρχαῖα
538 709 610 774 illud
633 709 814 774 scholiastes
831 712 1049 788 substantivum
1065 733 1132 778 esse
1148 733 1215 778 ere·
1344 767 1348 774 .

14 837 19 847 r
102 811 197 885 didit,
226 831 287 874 non
312 811 509 896 adjectivum
539 813 644 878 deinde
668 811 708 880 τὸ
733 806 869 902 α’ρχιῖον
892 825 963 899 typo
985 815 1094 880 dieitur
1115 817 1213 900 topieo

101 925 136 977 nt
158 917 322 998 ἰατρεῖον,
343 913 495 1002 οχολιῑον
517 925 576 980 eto.
601 936 726 999 quornm
749 916 896 1000 adjective
918 937 978 978 non
1000 917 1095 1002 magis
1109 916 1140 982 in
1155 937 1213 984 usn

100 1016 191 1080 fuere
212 1036 298 1098 quam
322 1012 472 1101 οφηιιιός,
494 1009 699 1104 μνρμηιιιός,
723 1037 819 1100 neque
842 1017 1038 1084 derivationis
1055 1039 1143 1084 eausa
1162 1040 1212 1084 es·

101 1119 183 1182 sumi
212 1138 338 1182 neeesse
366 1127 424 1181 est.
477 1118 589 1184 Verum
621 1119 694 1184 illud
723 1119 964 1184 commenticium
994 1121 1214 1188 substantivum

101 1215 230 1310 e'ppolo
246 1220 311 1302 jana
334 1240 388 1304 pro
409 1231 587 1305 argumento
609 1220 735 1286 affertur
756 1241 774 1286 a
796 1219 895 1284 Sohol.
913 1222 949 1290 ed
965 1201 1053 1306 Pythi.
1074 1220 1211 1288 tv.4tt7.
1332 1255 1335 1272 ι

91 1320 141 1390 τὸ
164 1319 301 1388 δικαίαν
322 1315 570 1406 παροξυτόνως,
592 1320 637 1390 ἵν’
658 1315 681 1413 ᾖ
700 1320 766 1408 τήν
787 1320 903 1408 δίκην,
927 1319 971 1397 nir
993 1323 1049 1390 uel
1070 1321 1135 1408 τήν
1151 1319 1215 1410 α’ρ·

99 1417 169 1514 χήν
191 1417 337 1512 α’ρχαίαν
356 1421 575 1513 παραγώγως·
604 1421 627 1511 ἢ
647 1425 924 1511 περισπωμένως,
947 1420 993 1494 ἵν’
1016 1418 1038 1516 ἦ
1060 1423 1214 1496 δικαίων.

102 1525 203 1592 Hodie
225 1523 359 1592 διιαιοῖν
380 1528 533 1604 serihitnr,
556 1547 614 1592 neo
635 1537 735 1613 potest
755 1527 818 1592 ulla
839 1547 875 1591 ea
897 1527 933 1590 de
954 1547 989 1592 re
1010 1549 1078 1594 esse
1094 1539 1216 1598 eontra·
1270 1587 1273 1594 r

105 1627 231 1705 versia,
264 1628 317 1694 sed
339 1627 421 1712 prior
441 1627 650 1714 interpretatio
672 1649 709 1694 eo
731 1628 839 1705 voluit,
861 1638 897 1696 ut
917 1626 1028 1697 διιαία
1049 1631 1082 1696 in
1106 1653 1216 1698 nume·

101 1752 179 1815 rum·
202 1751 434 1817 paronymorum
461 1731 640 1796 referretur.
701 1729 785 1812 Quod
814 1751 903 1815 quum
932 1744 1072 1816 appareat
1099 1743 1215 1803 tenore

14 1873 16 1894 .
87 1833 340 1920 ‚inconsultoque
370 1833 481 1898 laetu·
510 1853 599 1909 esse,
629 1854 730 1898 nonne
759 1832 889 1917 suspirio
919 1834 1035 1900 erroris
1067 1836 1217 1922 proserpit

102 1937 254 2020 longius?
274 1935 301 2000 si
322 1937 498 2018 praesertim
513 1936 747 2000 demonstratum
764 1936 868 2012 luent,
890 1957 977 2022 qnam
997 1937 1101 2023 cupide
1114 1959 1218 2027 quam·

104 2059 166 2124 que
188 2037 345 2102 libidinoso
369 2047 490 2105 veteres
515 2036 625 2102 artium
652 2037 815 2122 scriptores
843 2037 874 2104 in
901 2037 956 2104 hoe
985 2059 1075 2106 eausa
1101 2041 1250 2108 rursnti'

103 2142 194 2206 sint‘l
238 2139 441 2204 Gonoedamus
469 2140 501 2203 in
530 2159 674 2224 praesens
700 2133 834 2226 Ἀθηνῆ
867 2141 934 2206 sive
961 2142 1060 2226 potins
1080 2135 1217 2231 Ἀθήνη

104 2243 188 2308 idem
211 2263 321 2306 nomen
343 2263 411 2308 esse
432 2253 521 2326 atque
542 2237 735 2327 Ἀθηναία,
758 2241 824 2324 quis
848 2244 912 2328 jann
941 2243 1010 2308 huie
1043 2245 1230 2332 aequiparet

105 2341 369 2433 protospatario,
394 2345 470 2430 quod
482 2354 679 2428 propagatum
698 2343 816 2426 quidem
838 2355 925 2410 esta
945 2342 1085 2430 κεφαλή,
1108 2347 1161 2414 sod
1173 2347 1219 2416 sit

106 2460 144 2514 ut
164 2443 345 2534 ιιιφαλαία,
369 2457 403 2510 ut
423 2437 608 2532 ιιοφοῖλιιιον
630 2457 661 2510 et
682 2440 972 2534 orporeepoiletaov,
995 2445 1052 2510 hoo
1082 2457 1129 2515 ost
1150 2467 1219 2516 onan

107 2559 227 2622 somma
248 2549 474 2634 significationis
496 2547 705 2634 diserepantin.
759 2546 872 2616 Verum
897 2549 960 2633 jan
987 2547 1062 2616 satis
1089 2547 1220 2633 intelligi

108 2665 197 2739 puto,
220 2653 270 2736 qui
293 2652 333 2716 sit
355 2672 461 2716 musae
483 2661 579 2719 statos
602 2661 633 2716 st
654 2669 794 2736 quorsum
816 2649 890 2714 haee
912 2651 1021 2719 tondat·
1036 2649 1217 2736 woodo,

109 2777 195 2824 nuno
215 2775 263 2822 me
284 2755 322 2820 ad
344 2752 491 2830 ordinem,
515 2774 603 2839 quarn
624 2751 753 2834 institui,
775 2751 919 2819 referam.
1173 2774 1177 2792 ¹

618 2939 691 3026 §.a

198 3060 330 3128 Primum
350 3059 456 3146 igitur,
473 3060 550 3144 quod
572 3061 676 3126 eadem
698 3059 753 3126 dea
769 3079 851 3128 nune
862 3053 1022 3146 Ἀθηναῖοι
1035 3058 1101 3128 sire
1116 3055 1220 3149 Ἀθη·

112 3163 161 3232 νοῖ
188 3163 309 3240 dieitur,
332 3185 413 3228 nune
437 3159 622 3249 Ἀθηναία,
652 3184 713 3228 non
742 3160 837 3247 magis
863 3161 901 3224 ai
931 3181 1051 3226 eausam
1088 3163 1223 3248 pertinet

112 3287 202 3351 quarn
225 3266 335 3350 duplex
356 3267 453 3330 lorrna
474 3265 604 3330 nominis
625 3263 763 3350 λοοντέη
784 3263 851 3328 sive
871 3262 993 3349 λεοντῆ
1013 3263 1222 3340 ottooosota,

113 3371 174 3434 set
202 3367 390 3455 Phrynichus
419 3368 547 3440 tortasse
575 3359 709 3454 Ἀθήνη
738 3366 877 3452 scripsit,
911 3367 990 3452 quod
1018 3377 1066 3434 ert
1086 3367 1169 3436 urhis
1191 3376 1224 3436 ot

112 3473 188 3538 deae
210 3471 338 3536 Poliadis
361 3491 470 3534 nomen
492 3482 667 3546 commune,
698 3469 942 3555 quemadmodum
970 3468 1026 3532 dea
1046 3467 1140 3532 Roma
1161 3489 1221 3536 vo-

113 3584 203 3646 eatnr
223 3584 255 3638 et
275 3575 346 3640 urbs
368 3573 477 3649 nomn
504 3571 689 3656 aliarumque
710 3571 875 3638 eivitatium
897 3571 972 3636 deae
992 3569 1147 3656 praesides
1166 3589 1220 3638 aa·

114 3677 183 3740 dem
206 3697 263 3761 quo
283 3676 353 3740 illae
374 3676 496 3740 nornine
517 3675 683 3758 nuncupari
704 3673 817 3748 solent,
841 3673 969 3757 Aegina,
992 3673 1136 3758 hlyeene,
1159 3671 1222 3758 cy-

114 3799 210 3854 rene,
233 3778 354 3855 Thebe,
385 3777 525 3854 Rhodus,
548 3795 645 3860 neque
668 3773 815 3861 nymphae
837 3773 934 3838 solum
965 3773 1018 3838 sed
1048 3773 1223 3838 coelestium

116 3881 340 3946 nobilissimaet
362 3873 523 3967 Ἑρμιόνη
543 3873 706 3965 Δημήτηρ
727 3879 785 3947 ναὶ
805 3871 904 3964 Κόρη
924 3879 963 3943 ἐν
989 3870 1225 3960 Συρακούσαις
1316 3957 1318 3960 ,

114 3983 250 4071 Hesyeh.
274 3983 412 4048 Minerva
434 3975 521 4056 Σαΐς
540 4003 572 4046 v.
596 3980 724 4046 stabelis
745 3979 783 4043 ad
803 3979 893 4042 Pana.
907 3977 944 4042 Τ.
960 3976 986 4042 l.
1010 3976 1086 4046 261.
1111 3977 1247 4065 cytho·-

115 4108 222 4152 rorum
250 4106 398 4172 eponynra
425 4081 581 4174 Καθήρα
608 4093 644 4148 nt
667 4081 854 4149 Athenarum
881 4073 1033 4171 Ἀθήνη,
1062 4080 1225 4164 eademque

116 4186 297 4277 Ιίαθέριια
320 4186 488 4273 Cytherea,
510 4209 564 4274 pro
585 4208 643 4274 quo
664 4181 897 4276 ιίΚαθηραία
917 4183 1073 4274 loperetnr
1089 4181 1225 4256 velKv·
