2930 4872
114 315 117 322 ’
240 337 342 414 ooo
508 375 511 382 -
618 335 1018 430 orssuurrrrorv.

269 513 419 604 ὕπαγ’)
441 515 471 610 id
493 514 675 580 simillimum
704 515 961 582 forotrlliuerroe
992 514 1108 580 numiui
1133 528 1257 600 quotuor
1277 522 1360 608 syllo-

268 621 383 683 harum.
429 618 485 680 Sed
509 629 627 701 praesto
649 629 720 682 suut
750 618 828 698 elio3
862 639 930 681 uam
953 620 1055 682 eadem
1081 620 1136 684 deo
1156 621 1296 703 appellato
1318 635 1360 688 est

264 713 369 808 ”Ογιια
394 719 459 783 sivo
475 712 596 806 Ὀγγα,
626 718 751 808 χωρίον
777 715 966 807 ὁμόνομον
998 724 1121 810 ἔχουσα
1146 720 1217 785 Hes.
1242 734 1272 786 et
1293 719 1361 812 Ὀγ-

268 820 348 888 uolo
383 818 437 887 διό
459 815 498 886 τό
526 817 588 886 τόν
608 812 764 908 Koldpror⁴
785 819 991 909 ἱδρύσασθαι
1015 817 1155 911 ἄγαλμα
1187 827 1223 890 ἐγ
1238 819 1361 912 Ὁγιαις

269 923 369 1008 5ο101.
394 923 479 987 Piud.
504 922 552 986 01.
577 921 614 985 ll.
639 921 693 988 39.
721 923 798 987 luuo
820 926 908 988 modo
930 923 1108 1010 Prosymna,
1132 935 1166 988 ut
1185 925 1268 1010 regio
1291 928 1358 1010 ipso,

267 1027 355 1090 modo
378 1025 580 1110 Prosymuoeu
602 1045 633 1090 v.
658 1025 783 1090 Siehelis
804 1028 840 1091 ad
862 1027 951 1091 Paos.
975 1026 1011 1089 Τ.
1035 1025 1160 1093 112113.
1206 1027 1297 1091 lliouo
1316 1029 1361 1091 Ili-

269 1139 381 1215 otyuuo
401 1116 682 1214 όγιανόγιωςιοολιί
709 1149 741 1191 v.
774 1127 888 1191 Hoeolr.
918 1129 954 1192 do
986 1127 1076 1191 Crete
1108 1129 1146 1191 Τ.
1170 1129 1194 1192 l.
1233 1127 1304 1210 381.
1332 1140 1360 1193 et

268 1229 457 1316 Iliotyuuoeo
485 1227 575 1292 Paos.
608 1229 652 1293 X.
676 1226 737 1308 36,
766 1229 798 1294 3.
823 1231 983 1314 eademque
1005 1221 1167 1317 Xtoor'rop,
1197 1241 1230 1294 ut
1257 1231 1360 1306 demus,

269 1327 481 1400 ο1Χιτωα1α
504 1329 625 1414 steph,
650 1331 788 1395 Minerva
807 1325 929 1418 Ἰτοόαη
957 1332 1031 1414 (uisi
1050 1331 1079 1395 id
1102 1334 1138 1396 ab
1155 1327 1258 1400 ”Iuor
1278 1331 1360 1394 douo·
1436 1347 1437 1350 ’

183 1446 185 1452 “
267 1433 412 1500 minutum
434 1435 494 1516 est)
515 1443 603 1516 atque
623 1429 760 1500 Ἰοωαία
775 1433 858 1497 Suid.
880 1435 959 1498 siout
973 1431 1126 1502 Διαναία
1147 1430 1170 1520 ἦ
1191 1429 1361 1521 Ἀηροόόιη

266 1527 453 1621 ααὶιΔιόοη
479 1531 502 1620 ἦ
533 1532 620 1620 αὐτή
647 1534 744 1612 Suid.,
778 1536 851 1600 deus
873 1535 1032 1601 Tiberinus
1063 1545 1094 1599 et
1116 1535 1263 1622 Thybris,
1292 1553 1358 1620 quoe

268 1639 368 1702 omniu
389 1638 467 1701 idem
490 1637 660 1722 significent
688 1637 741 1700 sed
770 1659 831 1700 non
861 1639 964 1702 eodem
993 1639 1092 1702 modo.
1139 1638 1220 1722 Ergo
1239 1629 1361 1722 Ἀθήνη

269 1759 386 1823 quoque
398 1739 616 1803 substantivum
639 1751 696 1819 est,
711 1734 882 1826 Ἀθηναία
905 1741 1097 1824 adjectivum.
1124 1739 1361 1820 Quemadmodum

265 1850 365 1906 autem
387 1842 459 1904 urbs
481 1841 573 1904 llomo
595 1841 704 1906 dieitur
725 1843 826 1906 eadem
850 1843 921 1906 urbs
943 1843 1085 1920 Romana,
1109 1844 1154 1906 ito
1179 1843 1254 1926 opud
1276 1840 1359 1904 Gree-

242 2019 252 2031 ..
266 1963 318 2006 eos
340 1963 456 2027 quoque
480 1942 651 2027 oppidorum
680 1943 824 2008 voeabula
856 1944 1042 2008 substantive
1072 1954 1103 2008 et
1133 1943 1280 2030 adjectivo
1300 1963 1360 2026 pro·

265 2046 424 2120 feruutur,
458 2046 573 2130 dequo
606 2057 689 2109 errat
709 2046 883 2110 Eustuthius
914 2068 943 2130 p.
968 2044 1044 2122 601,
1068 2043 1124 2111 38.
1157 2067 1245 2131 quum
1273 2043 1360 2108 allatis

265 2147 420 2232 Sophoclis
441 2148 542 2212 verbis
565 2147 668 2232 Autig.
684 2145 789 2211 1135.
835 2145 992 2235 Θηβαίας
1021 2142 1262 2214 ἐπισκοποῦντ’
1279 2141 1361 2234 dyoc-

264 2239 306 2323 ός
333 2249 460 2334 primum
488 2249 663 2314 vooohulum
686 2249 852 2334 genitivum
887 2250 944 2313 sihi
965 2236 1062 2314 videri
1083 2251 1146 2327 eit,
1180 2271 1248 2313 nom
1277 2248 1360 2332 dupli·

264 2351 342 2416 eiter
363 2351 421 2416 dioi
442 2371 529 2436 posse
553 2344 656 2440 Θήβη
679 2361 710 2414 et
731 2350 871 2439 Θηβαία
893 2349 937 2425 οἷς
953 2344 1081 2438 ,σελήνη
1101 2350 1275 2439 οεληααία.
1313 2350 1361 2414 Et·

153 2457 158 2474 *
264 2455 344 2520 euim
366 2454 423 2518 hoo
444 2455 487 2518 ito
504 2455 620 2518 demum
643 2454 757 2518 admitti
778 2455 901 2538 poterit,
924 2455 951 2518 si
973 2475 1082 2518 nomen
1103 2452 1202 2530 πόλις
1223 2452 1360 2536 iutellige-

218 2551 227 2564 '
262 2568 330 2634 tur,
364 2557 441 2642 quod
463 2555 593 2619 additum
616 2565 663 2618 est
683 2557 758 2619 Eur.
783 2555 917 2618 Phoeuu.
942 2554 1016 2620 349.
1046 2556 1189 2645 Θηβαία
1217 2554 1310 2629 πόλις
1333 2563 1360 2616 ut
1433 2606 1437 2639 ,

255 2656 460 2748 ’Κορίνθιον
481 2651 568 2725 douo
590 2657 732 2721 Simonid.
757 2657 875 2742 Fragm.
900 2659 974 2721 XX.
996 2659 1129 2745 (XXll.)
1151 2661 1184 2724 4.
1210 2658 1360 2746 ἦΚοβη-
1438 2707 1439 2710 ,

262 2760 318 2851 ρίη
339 2761 597 2848 αηοοςἨοοοόο.
621 2759 645 2822 Ι.
671 2758 724 2826 82.
749 2783 781 2824 v.
804 2760 947 2824 Matthiae
981 2763 1017 2824 ad
1045 2762 1120 2826 Eur.
1147 2763 1257 2826 Boooh.
1281 2783 1311 2824 v.
1333 2757 1359 2820 1.

263 2885 320 2928 ueo
340 2885 411 2928 raro
433 2863 566 2947 genitivo
589 2862 730 2946 expletur
761 2856 848 2928 όοτο
872 2858 991 2949 Θήβης
1012 2863 1120 2926 Traoh.
1148 2863 1245 2928 1144.
1275 2854 1361 2931 πόλις

66 3007 74 3020 ·
189 2983 191 2988 ’
254 2960 414 3054 ”Αργοος,
444 2964 589 3050 oppidum
613 2963 818 3030 Antioohiae.
870 2965 946 3028 Hine
976 2965 1193 3029 nonnullorum
1224 2961 1362 3028 increbuit

260 3068 357 3134 formo
379 3067 501 3154 duplex,
514 3064 632 3154 ,Αἰγαί
652 3069 723 3132 urbs
749 3079 780 3132 et
799 3071 945 3155 Αἰγαῖαι
965 3089 997 3132 v.
1021 3066 1194 3132 Tzsohuok.
1219 3067 1254 3131 od
1271 3065 1359 3128 Strah.
1432 3071 1439 3118 1

259 3169 298 3234 L.
320 3169 404 3235 XIV.
430 3169 504 3234 713.
528 3161 628 3255 Δόγιη
649 3171 679 3233 id
703 3182 750 3234 est
771 3166 884 3256 (λοογιή
913 3179 944 3234 et
964 3167 1103 3254 Δογιαία
1125 3169 1156 3232 id
1180 3181 1228 3234 est
1249 3168 1360 3254 dvopu-

258 3267 301 3360 κη’
322 3295 355 3338 v.
378 3273 510 3338 Meinek.
534 3273 571 3336 ad
596 3272 728 3356 Euphor.
752 3295 782 3358 p.
801 3271 873 3338 137.
894 3272 1024 3357 Βοῦρα,
1047 3268 1087 3335 τό
1107 3271 1265 3358 θηλυκόν
1280 3275 1360 3340 Bou·

258 3374 358 3466 ραόα,
385 3376 442 3443 καλ
473 3371 569 3448 πόλις
598 3369 706 3448 οὕτως
728 3375 830 3459 Steph.
860 3397 895 3438 oo
917 3375 1065 3438 Diodorus
1088 3373 1174 3438 XIV.
1202 3373 1255 3438 38.
1279 3368 1361 3458 Ἀρί-

258 3482 360 3567 σβαν,
376 3473 498 3559 Ἴλιον,
520 3475 721 3565 Κεβρηαίαν
739 3478 796 3544 καὶ
823 3475 885 3550 τοῖς
906 3471 1010 3551 ἄλλος
1037 3477 1235 3565 παρέλαβε,
1258 3477 1360 3539 Cebre-

258 3583 339 3648 niam
360 3591 449 3647 vocat
467 3583 584 3658 urbem,
609 3601 685 3664 quae
708 3580 827 3644 Cehreu
849 3580 973 3644 dioendo
995 3591 1072 3658 erat,
1087 3581 1168 3644 siout
1181 3581 1360 3646 Ptolemaeus

261 3757 470 3774 m-

325 3875 355 3940 2)
370 3876 520 3941 Ιαςοῐιοῐοι·
536 3875 596 3926 olim
618 3873 754 3944 Kodrpolp
775 3876 892 3944 Apollou.
912 3876 933 3928 1.
953 3875 1013 3931 742.
1033 3874 1079 3926 sed
1096 3889 1110 3926 e
1127 3875 1203 3928 oodd.
1226 3871 1358 3940 repositum

257 3970 298 4016 ert
314 3963 464 4027 Κυθέρεια,
481 3960 556 4028 enjus
574 3961 679 4012 brevior
697 3961 779 4014 dormo
797 3969 838 4014 ost
855 3963 969 4030 Κοθὲρη
985 3960 1099 4012 Meroth.
1120 3959 1151 4012 11.
1173 3960 1237 4012 too.
1262 3966 1292 4010 ut
1308 3959 1361 4020 Πη-

181 4041 186 4048 ’
255 4037 366 4114 οελόπη.
404 4047 518 4099 luoulom
538 4047 581 4099 vel
605 4047 695 4098 urbom
719 4047 821 4098 insulae
845 4046 896 4114 τήν
912 4039 1050 4116 Κόθηραν
1066 4053 1143 4096 vooot
1161 4045 1251 4096 Sohol.
1273 4044 1357 4110 Odyss-

258 4133 294 4186 X.
314 4135 358 4186 81.
376 4136 500 4201 Κιθέρην
516 4133 642 4202 Anonym.
662 4134 717 4184 orb.
738 4135 823 4206 deror.
844 4149 866 4184 ο.
888 4129 977 4192 dm.
1000 4132 1045 4183 sod
1070 4148 1085 4185 o
1103 4131 1190 4185 Taciti
1217 4133 1274 4183 loeo
1292 4138 1361 4194 nuper
1438 4125 1439 4184 1

261 4219 382 4273 sublatus
399 4225 441 4271 oet
457 4219 598 4285 singularis
615 4217 653 4272 od
671 4218 824 4288 Cytheram.
854 4285 857 4290 Ι
