2914 4882
182 341 234 408 DE
251 340 387 409 NOMlN.
402 341 558 408 Antucu.
573 341 625 410 ET
640 341 768 408 SUBST.
787 341 878 412 GEN.
893 341 1027 410 AMBIG.
1052 345 1081 430 5.
1096 345 1128 414 6.
1152 347 1220 416 act

111 533 167 588 ant
188 521 308 606 pusillo,
331 521 358 586 si
380 522 457 586 idem
480 531 602 586 nostrae
630 521 810 602 vernaculae
832 520 954 608 linguae
975 523 1139 601 vocabula,
1170 525 1222 590 dic

112 625 246 709 Spitze,
271 624 323 687 dic
342 623 459 710 Engo,
484 624 535 688 dic
556 624 680 702 Ptatce,
711 624 763 688 ιίιέ
782 625 907 702 Edono,
931 625 983 690 dic
1003 626 1143 708 Ιίνιιοίιι,
1170 627 1222 692 dio

109 727 246 804 Hea‘tro,
270 726 321 791 dic
343 726 391 794 W
390 729 468 802 cite,
492 725 544 790 dic
564 727 675 801 Festo,
700 725 752 788 dia
777 725 920 807 Wuestc,
944 729 1132 794 contenderit
1153 751 1221 794 cum

110 830 231 914 graecis
253 823 276 914 ἡ
297 823 396 914 αἰρα,
418 824 621 914 ηὀιενήῑσ),
639 825 832 911 linicasio,
855 825 969 916 ἤέςίοι,
990 827 1170 920 ἠναλήνη,
1196 829 1220 918 ἤ
1271 820 1273 828 “

109 923 243 1018 στερεοί,
258 928 288 1017 ἡ
303 927 466 1018 νραφεροί,
486 929 515 1017 ἠ
533 935 668 1018 ἕρημος,
690 930 766 996 haud
789 925 879 1016 longe
901 933 1015 1010 aberit,
1033 935 1103 1018 quin
1125 956 1159 999 se
1181 935 1219 1000 ad

109 1045 252 1100 vetorum
275 1033 408 1098 rationes
435 1035 588 1119 adjungat.
633 1033 691 1098 Sed
719 1055 807 1118 quum
830 1033 918 1119 hujus
941 1037 1060 1119 generis
1083 1037 1221 1122 exempla

110 1135 202 1220 paulo
225 1135 362 1219 superius
390 1133 480 1200 allata
507 1137 570 1200 siut
600 1135 746 1220 plurima,
780 1135 924 1200 hocloco
948 1158 1143 1222 congeremus
1165 1161 1220 1206 no·

110 1237 196 1302 mina
211 1237 243 1302 in
265 1223 302 1304 mi
322 1239 500 1328 terminata,
525 1259 649 1322 quorum
671 1259 761 1304 causa
787 1238 917 1304 maxime
939 1261 1048 1326 anceps
1070 1252 1101 1304 et
1123 1241 1221 1326 dispu-

110 1338 225 1404 tabilis.
277 1338 431 1406 Familiam
466 1342 578 1404 ducunt
611 1340 671 1406 tria
702 1340 800 1410 affinia
828 1340 1017 1420 hoccasio,
1046 1341 1221 1430 δαιμονία,

110 1439 301 1528 θεομαρία,
324 1463 399 1527 quae
422 1463 517 1528 genus
539 1453 705 1528 sequuntur
727 1443 860 1526 ejusdem
883 1445 1025 1522 nominis,
1050 1447 1096 1512 cui
1119 1444 1142 1534 ἦ
1163 1473 1220 1514 πε·

110 1543 280 1631 πραμίνη
305 1542 377 1630 etsi
399 1543 589 1632 εἱμαρμένη
617 1544 791 1610 adhaerent.
838 1545 969 1612 Primum
997 1548 1110 1634 legitur
1131 1550 1218 1614 Hom.

24 1738 31 1742 ²
110 1647 148 1712 ll.
176 1646 214 1710 ll.
238 1645 313 1719 386.
337 1644 481 1735 ννοίοεοιι
514 1644 575 1714 d'at'
601 1647 658 1714 ool
677 1645 846 1738 θὲσπεσίῃ
873 1645 974 1716 πόλιν
1003 1647 1065 1716 οὐκ
1085 1645 1222 1719 ‹idonci-

108 1757 190 1830 ἕεις,
214 1750 249 1814 dc
272 1772 330 1833 quo
353 1749 521 1837 Hesychius
550 1748 722 1840 Θεοπεοίῃ
748 1749 791 1842 τῇ
816 1745 957 1838 θεότιμι
979 1751 1084 1840 λέγει,
1115 1757 1146 1820 εἰ
1170 1752 1221 1842 μή
1248 1828 1250 1834 ,

109 1848 203 1936 cocci
226 1849 433 1944 σννειιδοχήν
458 1847 645 1939 οἷιοιίοιμεν
673 1854 715 1943 τῇ
744 1857 780 1918 ἐν
800 1854 895 1924 θεῶν
915 1854 1089 1943 βουλήσει·
1113 1877 1221 1922 secuu-

109 1959 184 2026 dum
206 1957 292 2020 Pind.
319 1956 365 2020 01.
391 1955 445 2020 lX.
471 1953 545 2020 169.
568 1949 660 2022 οόνιί
684 1952 788 2044 οἷνέρα
809 1955 971 2044 δαιμονίᾳ
994 1950 1143 2047 γενοίμαν
1163 1952 1222 2026 ati-

109 2064 259 2153 xetpcw)
282 2081 300 2124 a
321 2058 472 2124 Boeekhio
487 2061 684 2140 prestitutum,
706 2070 753 2124 est
781 2051 905 2126 auctone
928 2063 1093 2128 Scholiasta
1120 2062 1222 2126 home·

108 2166 190 2244 rico,
222 2163 272 2248 qui
301 2163 358 2227 hoc
387 2183 454 2226 cum
480 2159 649 2253 θεσπεσίῃ
676 2164 848 2246 conjungit3
879 2165 1000 2231 tertium
1025 2163 1223 2230 Callimachus

110 2267 218 2352 Epign.
242 2263 375 2330 XXXll.
399 2264 432 2327 4.
464 2275 604 2351 unquam
637 2285 812 2348 germanum
833 2267 1054 2332 substantivum
1075 2267 1222 2352 adjectivo

111 2369 253 2455 adjunxit
274 2367 403 2459 χαλεπῇ
433 2360 584 2452 adamo
609 2365 804 2456 θευμορίῃ,
835 2387 870 2430 ac
892 2368 983 2452 vulgo
1004 2368 1048 2432 ita
1069 2369 1147 2432 dicta
1176 2378 1223 2432 cst

111 2471 214 2556 portio
232 2471 332 2534 carnis
354 2491 429 2554 quae
451 2469 655 2550 sacerdotibus
678 2470 756 2548 cedit
771 2467 1009 2554 (Gottestlaet'd).
1028 2469 1222 2554 Appollonius

112 2584 216 2652 autem
238 2573 282 2637 bis
304 2595 358 2657 pro
380 2572 527 2657 adjectivo
549 2572 648 2657 posuit
666 2570 791 2650 ccciccc
815 2570 988 2658 θευμορίη
1002 2583 1033 2635 et
1054 2567 1120 2658 ιίτη
1140 2577 1223 2640 θεν·

6 2727 8 2762 p
111 2677 221 2766 μορίη
240 2675 291 2738 lll.
315 2673 391 2740 676.
416 2674 491 2756 974.
536 2677 581 2739 Ao
602 2674 629 2740 si
651 2675 776 2752 formam
795 2675 987 2758 attendimus,
1007 2685 1070 2754 ,tam
1085 2673 1224 2740 substan·

113 2774 213 2844 tivum
234 2779 332 2842 videri
360 2789 472 2864 potest,
495 2797 582 2862 quam
610 2777 808 2862 adjectivum,
838 2777 912 2842 illud
940 2798 980 2842 ex
1003 2773 1223 2862 comparatione

114 2881 272 2962 nominum
293 2876 467 2968 οίμμορίη,
490 2878 681 2968 νεωμορία,
705 2876 761 2947 hoo
790 2901 809 2946 a
835 2871 1007 2965 θεόμορος
1031 2889 1223 2969 propagatum

113 2995 151 3054 ut
172 2982 403 3071 ναιομοίριος,
426 2975 587 3070 οἷτρόπιος
613 2983 750 3048 Dioscor.
781 2984 818 3047 de
840 2981 958 3048 Venen.
975 2981 1081 3078 xvh.
1112 3005 1142 3068 p.
1167 2981 1220 3047 73.

114 3086 234 3170 aliaque
256 3087 335 3150 inlna
355 3087 557 3152 retractanda.
602 3085 759 3153 Rationum
781 3096 882 3150 autem
903 3095 1055 3151 momenta
1085 3085 1118 3148 in
1141 3095 1223 3150 utra·

117 3210 177 3274 quc
200 3181 377 3274 parteseae
403 3199 475 3254 sunt
495 3188 596 3272 fparia.
645 3188 780 3272 Namque
812 3189 940 3255 abundat
969 3209 1069 3252 sermo
1095 3207 1223 3271 graecus

116 3291 288 3372 nominihus
310 3291 342 3355 in
357 3277 402 3360 io
422 3292 602 3359 excuntibus
625 3289 779 3381 αἰοχρία,
812 3288 981 3380 γλισχρία,
1002 3285 1146 3376 μιαρία,
1169 3313 1223 3356 ιιι-

115 3391 209 3480 ιιρία,
230 3392 397 3474 notantia,
428 3388 557 3482 ψαχρία
580 3405 640 3478 otc.
670 3413 746 3478 quae
775 3393 887 3475 nemini
917 3394 949 3457 in
981 3403 1112 3456 mentem
1140 3390 1225 3456 venit

117 3497 254 3576 dubitare
278 3497 557 3582 quinsuhstantiva
578 3496 657 3574 sint,
680 3519 769 3580 quum
800 3507 830 3560 et
858 3495 1107 3594 significationem
1134 3491 1223 3581 hujus
1340 3505 1341 3510 ’

115 3601 240 3686 generis
264 3599 391 3666 habeant
413 3620 509 3685 nequo
539 3609 646 3672 extent
669 3599 815 3684 adjectiva
836 3598 868 3662 in
890 3621 959 3673 ιος,
973 3650 977 3664 ,
991 3617 1115 3682 quorum
1138 3593 1223 3658 lomi-

117 3701 190 3765 niua
209 3702 271 3769 ‚dici
292 3703 418 3787 possint.
465 3691 637 3786 Quanquam
659 3701 733 3765 haec
757 3702 834 3764 natio
858 3699 1004 3764 Galenum
1026 3719 1087 3762 nou
1109 3698 1224 3761 absten-

117 3872 329 3887 m

187 3955 233 4025 76)
251 3958 367 4030 Thucyd.
388 3959 419 4012 ll.
435 3961 477 4013 99.
492 3953 587 4028 στενήν
596 3979 660 4012 τινα
673 3953 812 4026 ἐκτήσατο.

186 4061 231 4128 77)
249 4063 277 4114 1ο
296 4063 500 4134 Simonidisllp.
514 4065 628 4132 Append.
650 4061 681 4114 N.
702 4062 744 4116 73.
767 4063 798 4115 de
818 4060 931 4112 hetaccis
946 4054 1088 4112 Corinthiis
1107 4062 1226 4115 ἔσταθεν

115 4141 403 4222 ια’χιίμενιιιὴΚίπριδι
424 4145 554 4218 δαιμονίᾳ
575 4150 661 4204 nescio
688 4165 720 4202 an
741 4147 907 4206 vscribendum
933 4146 969 4198 sit
994 4143 1123 4216 δαμοσίᾳ.
1158 4144 1223 4197 Nam

115 4235 178 4287 deos
190 4231 346 4301 δαιμονίοις
363 4234 414 4286 dici
431 4251 480 4287 non
499 4245 569 4303 puto,
