2914 4882
242 295 314 368 σιτ
395 259 401 269 ’
579 273 914 364 'nussunraruo
943 297 1002 366 tv.

242 477 419 552 anianum,
442 473 652 556 Heliodorum,
673 475 819 540 Achillem
840 471 976 554 Tatium,
999 475 1105 562 quihus
1126 477 1238 543 cecedit
1258 478 1335 566 hym·

242 601 350 644 norum
373 577 565 662 Orphicorum
588 578 726 662 scriptor.
770 579 835 643 Jam
857 580 883 644 si
905 581 983 644 idem
1004 579 1079 664 apud
1099 591 1200 665 poetas
1220 583 1334 666 scripto·

242 703 351 766 resque
373 681 488 743 ionioos
517 679 690 764 legeretur,
719 682 836 746 facilius
851 683 1056 747 crederemus
1085 703 1194 746 nomen
1223 677 1348 770 σελήνη·

149 807 151 812 ·
241 783 400 872 privilegio
422 783 545 866 quodam
568 782 716 846 sermonis
740 784 856 868 antiqui
878 795 907 848 et
929 784 1037 868 poetici
1060 783 1118 848 hnc
1136 784 1334 870 amplilioatnm

242 886 320 954 e‘sse.
364 885 421 948 Sed
449 883 616 952 Herodotus
638 883 704 948 Vll.
732 883 786 950 37.
810 886 1002 970 Hippocrates
1015 882 1068 950 de
1089 885 1222 950 lnsomn.
1256 909 1284 970 p.
1302 885 1332 950 4.

240 991 277 1056 Τ.
301 988 339 1054 ΙΙ.
363 987 510 1051 Aretaeus
532 987 568 1049 de
591 985 676 1070 Sign
689 987 784 1052 Diut.
808 987 833 1052 Ι.
856 987 890 1066 4,
913 987 966 1054 72.
990 989 1143 1053 Lucienus
1164 990 1200 1052 de
1223 987 1332 1052 ΑειιοΙ.

240 1097 270 1179 g.
295 1087 330 1156 5.
347 1091 498 1176 primitivo
526 1089 575 1153 usi
596 1101 686 1170 sunt·
716 1089 876 1176 σεληναία
903 1111 978 1156 vero
1006 1091 1038 1154 in
1071 1112 1219 1157 sermonis
1248 1089 1334 1175 quoti·

241 1196 320 1261 diani
346 1191 532 1258 commerciis
560 1191 746 1258 increbuisse
775 1193 905 1256 videtur.
953 1192 1050 1272 Quare
1080 1193 1158 1276 qnod
1181 1191 1334 1259 Scholiasta

240 1299 318 1364 Vict.
341 1297 377 1360 ad
398 1295 493 1358 Arist.
517 1293 613 1358 Nuhh.
635 1291 710 1360 616.
735 1295 875 1358 adnotat:
900 1293 971 1380 φῶς
996 1293 1174 1382 σεληναίης
1190 1331 1233 1344 -
1248 1290 1331 1361 dunt·

238 1399 308 1467 νῶν
332 1403 404 1464 ἐστι
420 1392 559 1483 κτητικοί
578 1388 771 1484 λαμβάνειν
792 1391 870 1464 α’ντί
891 1395 1127 1484 πρωτοτιίιιιον
1148 1393 1192 1472 oie
1208 1404 1332 1483 παρθε-

204 1547 207 1554 -
238 1495 328 1588 νινή,
350 1501 474 1566 atticum
496 1519 564 1564 esse
586 1509 730 1583 negamus
752 1500 804 1563 sed
825 1501 983 1583 probamus
1004 1501 1238 1566 similitudinem.
1265 1499 1333 1564 Nam

240 1602 385 1691 quomodo
412 1624 431 1666 e
455 1596 585 1690 γαλήνη
605 1599 791 1686 ηαληνοία,
829 1601 906 1665 haud
927 1603 1114 1668 dissimiliter
1134 1625 1152 1668 a
1175 1603 1281 1678 σέλας,
1302 1612 1331 1666 ut

239 1706 407 1794 Hesychius
428 1706 511 1781 dicit,
536 1700 675 1790 σελήνη,
697 1705 732 1768 ah
755 1703 811 1768 hoc
834 1703 993 1790 οεληναίο
1015 1707 1190 1790 productum
1212 1707 1331 1780 videtur,

119 1883 121 1894 ,
239 1810 358 1896 proprie
371 1809 519 1872 'lucinum
549 1807 741 1892 significans,
771 1805 930 1893 σεληναίη
952 1809 1050 1896 αἴγλη
1071 1807 1206 1872 Marcell.
1230 1807 1261 1871 in
1282 1806 1332 1868 lle·

240 1913 296 1978 dio.
326 1909 434 1994 Regill.
465 1931 497 1974 v.
526 1907 580 1974 27.
610 1907 749 1992 Apollon.
779 1908 831 1973 ΙΙΙ.
863 1907 936 1974 167.
966 1921 997 1974 et
1025 1911 1057 1975 in
1083 1931 1204 1996 1ςοιιοιο
1234 1915 1337 1977 nentro'

239 2016 328 2098 Diog.
352 2013 407 2082 La.
432 2010 456 2074 Ι.
480 2010 513 2074 3.
536 2009 600 2077 τοῦ
623 2007 777 2097 ηλίου-
791 2011 854 2078 τοῦ
873 2011 1071 2100 σεληναίου,
1105 2012 1165 2078 nisi
1187 2007 1330 2096 celperico

239 2117 426 2182 scribendum
440 2124 498 2178 est.
544 2112 685 2178 Ultimum
708 2135 823 2194 eorum,
850 2136 962 2200 quaen
984 2115 1193 2181 Grammaticis
1215 2114 1270 2178 hnc
1289 2133 1331 2176 re·

238 2221 299 2284 lata
323 2228 405 2293 sunt,
428 2227 495 2279 erat
515 2211 634 2301 cipedo,
664 2217 699 2280 de
722 2239 778 2301 quo
801 2217 900 2281 Schol.
917 2219 1015 2303 Apoll.
1041 2218 1093 2282 ΙΙΙ.
1119 2215 1213 2284 1336.
1237 2211 1331 2302 ripoi-

237 2346 282 2410 ην
304 2317 347 2395 uic
370 2315 573 2405 α’ναηκαίην,
599 2329 631 2405 et
653 2318 752 2382 Schol.
776 2319 977 2384 Libanus.
998 2319 1053 2385 64.
1079 2315 1150 2407 σ’ίρα
1165 2319 1220 2388 καί
1235 2314 1329 2406 cipedo

237 2417 364 2493 ταιίτόν
394 2425 464 2488 ἐστι
485 2420 528 2510 τῇ
556 2419 683 2507 ἐννοίᾳ·
706 2415 885 2509 α’μφότερα
910 2421 974 2511 yde
1001 2421 1041 2490 τό
1071 2426 1133 2510 ἔαρ
1170 2421 1329 2510 σημαίνει.

238 2529 296 2593 Sed
318 2526 347 2590 id
370 2545 485 2609 quoque
513 2524 692 2608 adjectivum
721 2545 788 2588 esse
816 2526 942 2612 patescit
971 2545 988 2589 e
1017 2527 1238 2610 comparatione
1258 2523 1330 2590 simi·

237 2625 352 2696 lium'
333 2628 494 2714 ορφναία,
515 2623 647 2712 θερεία,
671 2618 707 2689 de
728 2628 842 2744 quihus
854 2627 913 2691 aluo
928 2627 995 2692 loco
1011 2628 1154 2712 loquutus
1167 2650 1243 2692 snm
1274 2624 1329 2690 Nec
1416 2699 1417 2702 Ἴ

237 2737 284 2799 de
302 2732 361 2796 alio
388 2750 500 2814 genere
529 2729 681 2792 nominum
716 2729 888 2849 praecipere
916 2729 1035 2794 videtur
1061 2730 1268 2816 Theognostns
1294 2726 1327 2792 ll.
1416 2771 1417 2818 3

238 2833 312 2900 103.
335 2859 377 2900 τα
371 2829 456 2898 deci
473 2855 535 2896 του
556 2857 614 2898 αια
637 2823 831 2919 παροίνυμα
853 2827 971 2898 dtu
928 2857 990 2918 της
1007 2859 1044 2900 αι
1058 2829 1259 2921 γράφονται,
1281 2855 1328 2897 οε-
1416 2825 1417 2848 ¹

235 2935 378 3029 ληναία,
406 2931 575 3020 αμαξαία,
597 2935 729 3021 θυραία
755 2934 812 3000 ἐπί
837 2959 898 3020 της
925 2927 1073 3012 διεξόδου
1104 2932 1167 3003 otiu
1201 2934 1254 3002 ἔστί
1273 2953 1327 3000 του

236 3035 510 3112 ιιαταιιλείοντος,
529 3033 669 3113 ειίνᾱία,
688 3035 874 3124 palpitatu,
902 3036 1131 3124 σφενδονοιία,
1155 3034 1345 3129 deoplacito„

237 3137 342 3212 ὄιοαία
364 3137 543 3228 νεραμίοή
564 3137 628 3226 τήν
652 3133 741 3226 ὀπήν
765 3139 990 3220 ἐπικλείουσα,
1013 3161 1126 3226 exque
1142 3141 1325 3226 comperimus

237 3243 445 3336 σφενδοναία
474 3263 589 3328 quoqne
619 3242 689 3308 hn'o
719 3263 844 3305 numero
879 3243 1123 3327 amplificatorum
1159 3244 1325 3329 adscriptum
1416 3299 1417 3336 Ξ

237 3373 317 3426 εεεε,
336 3351 447 3436 jurene
468 3367 507 3410 an
529 3344 652 3431 injuria,
676 3345 838 3409 nescimus.
885 3345 943 3410 Sed
965 3348 1028 3431 jann
1051 3357 1169 3432 tempus
1187 3357 1243 3412 est
1261 3345 1325 3410 suh·
1416 3369 1417 3410 ι

235 3457 344 3520 ιΙιιοειο
366 3471 521 3514 ειιιιιιιιειιι.
566 3446 712 3534 Exempla
737 3469 902 3533 paragogae
931 3449 1136 3532 producuntur
1162 3449 1194 3514 in
1215 3449 1325 3512 univer·

234 3579 300 3623 sum
322 3553 451 3639 vinginti
473 3552 613 3636 quinque.
659 3550 772 3640 Horum
799 3563 899 3615 autem
921 3551 1060 3636 pleraque
1087 3553 1243 3616 manifesto
1263 3555 1325 3614 sunt

234 3659 393 3745 adjectiva,
418 3675 512 3738 eoque
541 3653 630 3717 etiam
652 3653 822 3717 infirmatur
849 3654 1011 3718 auctoritas
1043 3665 1230 3730 ceterorum,
1258 3670 1323 3736 quae

234 3763 303 3846 quia
331 3781 348 3823 a
374 3750 581 3823 Grammaticis
611 3766 699 3819 extra
726 3756 860 3820 ordinem
890 3767 922 3820 et
951 3767 1125 3821 contextum
1154 3758 1321 3828 afferuntur,
1375 3819 1378 3824 ,
1416 3793 1417 3836 p

233 3883 374 3950 quorsum
397 3861 582 3944 pertineant,
604 3858 732 3943 judicari
755 3858 869 3942 nequit.
913 3857 1017 3942 Neque
1039 3869 1139 3924 tamen
1160 3861 1189 3924 id
1210 3859 1250 3922 ita
1270 3865 1323 3922 sta·
1416 3869 1417 3894 ³

233 3979 299 4044 tuo,
324 3974 359 4028 ut
381 3961 594 4028 Grammaticos
616 3961 696 4032 solos
718 3961 831 4026 erroris
859 3979 930 4024 reos
950 3961 1077 4040 faciam,
1100 3964 1152 4028 sed
1179 3958 1322 4026 admodum

232 4069 300 4136 veri
323 4066 420 4131 simile
442 4067 529 4142 duco,
552 4075 655 4150 poetas
678 4065 815 4150 exempla
836 4063 977 4129 licentiae
999 4087 1018 4130 a
1039 4065 1158 4130 scholae
1180 4057 1321 4148 magistris
1416 4151 1417 4154 Ἴ

188 4183 189 4186 ’
232 4169 437 4259 comprobatae
459 4168 514 4232 sihi
536 4168 573 4240 ad
593 4167 766 4232 imitandum
788 4167 989 4252 proposuisse.
1034 4167 1186 4234 Jueohsins
1215 4163 1320 4251 quidm
1416 4251 1417 4260 η

547 4267 548 4278 .
1011 4265 1020 4297 ‚
1080 4260 1083 4264 -

750 4525 768 4568 s
