2944 4888
1014 1 1019 3 -
1048 1 1183 8 -vv-v—--
1221 3 1227 7 v

342 371 400 436 nn
429 367 629 436 suanos.
660 367 862 436 nuouou.
893 371 922 456 ς.
946 370 979 435 a.
1172 375 1216 440 ιι

112 551 181 618 aaa.
205 547 492 616 amaxonum.
516 527 767 634 unamauyra
785 569 815 632 p.
830 547 884 616 aa.
901 550 934 614 sn
948 549 1061 616 suasa.
1075 548 1215 620 taisson.

108 656 140 720 T.
165 653 222 719 lll.
251 651 444 740 paduanorum
461 671 536 716 vero
561 671 706 734 nusquam
730 651 829 735 reperi
853 673 949 736 neque
972 643 1160 740 όμάμομωι
1180 655 1218 720 ad

107 756 335 822 similitudinem
364 753 472 818 tertiae
500 773 647 838 personae
676 745 855 840 ὀμάμοτωι
875 757 914 840 ⁸).
969 755 1218 836 Quemadmodum

106 860 202 926 verba
223 859 257 922 in
272 843 352 924 ’ἀνω
370 855 514 920 exeuntia
534 855 568 920 in
587 855 703 942 syllaba
722 857 899 942 paragogioa
919 868 951 922 et
968 858 1125 944 principali
1146 879 1218 924 ean·

20 965 21 974 ’
108 963 172 1026 dem
194 962 312 1025 iterant
334 979 495 1024 consonam
515 945 552 1040 ι’Ῐ,
575 958 660 1024 velut
682 970 746 1035 est,
770 952 964 1045 μανθάνω,
987 954 1142 1044 daddus,
1165 959 1218 1026 vel

106 1063 320 1160 assimilatam
320 1061 487 1148 proximae,
505 1052 685 1146 λαμβάνω,
705 1057 873 1148 δαγιιάνω,
891 1055 1066 1152 φνγγάνω,
1088 1064 1131 1128 ita
1147 1085 1217 1128 ver·

104 1167 149 1230 his
178 1166 215 1230 in
242 1191 326 1252 ημι,
361 1185 486 1249 quorum
514 1162 638 1228 initialia
666 1175 714 1227 est
739 1151 784 1243 ιῖ,
820 1165 965 1232 inseritur
992 1150 1218 1252 systoeolmid

104 1266 290 1354 πίμπλημι
320 1278 351 1332 et
368 1264 559 1354 ,πίμπρημι
578 1267 626 1350 ⁹),
666 1267 719 1330 sed
749 1265 817 1350 quia
849 1279 971 1350 propter
1001 1267 1217 1353 longitudinem

104 1372 222 1436 mediae
246 1370 380 1457 syllabae
401 1369 499 1432 minus
522 1377 569 1432 est
590 1368 763 1432 necessaria
784 1389 871 1452 qnam
892 1368 971 1447 illis,
1002 1391 1108 1434 rursus
1130 1369 1217 1434 omit·

104 1473 201 1549 titur,
232 1473 261 1538 si
282 1493 349 1536 oum
371 1462 590 1556 praepositione
612 1474 649 1537 ἐν
672 1481 909 1554 componuntur,
939 1471 1104 1556 euphoniae
1127 1491 1218 1538 eausa

105 1587 141 1640 ut
164 1573 377 1658 Mosolaopulus
406 1573 449 1636 ait
472 1571 579 1636 Sehed.
609 1593 640 1657 p.
666 1569 740 1636 158.
784 1573 917 1658 Ejusque
945 1572 1217 1658 praetermissionis

107 1689 141 1742 et
167 1678 242 1762 apud
269 1677 377 1740 attieos
399 1673 561 1759 seriptores
589 1685 621 1738 et
644 1673 675 1740 in
699 1679 847 1742 mmmuni
869 1693 1009 1740 sermone
1032 1685 1093 1740 tam
1114 1697 1218 1742 nume·

106 1801 177 1844 rosa
196 1789 271 1843 sunt
289 1776 437 1862 exempla,
462 1787 496 1842 ut
515 1776 603 1840 eitius
623 1778 741 1842 oredam
762 1779 892 1856 literam,
915 1797 1003 1862 quam
1024 1777 1138 1844 librarii
1156 1799 1218 1844 non

104 1905 177 1948 raro
198 1881 251 1946 vel
273 1889 378 1962 eontra
398 1889 528 1948 metrum
548 1878 712 1957 inouloant,
736 1882 773 1944 ab
796 1880 841 1946 his
863 1880 964 1964 polius¹
982 1879 1141 1965 aliquoties
1161 1881 1218 1944 im·
1348 1953 1353 1960 Ι

105 1996 238 2071 portuno
258 1983 404 2058 additam,
428 2001 515 2064 quana
537 2001 555 2044 a
576 1981 773 2067 seriptoribus
795 1983 868 2066 ipsis
890 1983 992 2048 neseio
1015 1985 1100 2068 eujus
1119 1982 1218 2048 varia·

105 2087 199 2152 tionis
232 2106 320 2152 oausa
350 2085 383 2148 in
412 2094 527 2168 tempus
558 2095 719 2148 assumtam
749 2105 913 2168 rursusque
946 2085 1096 2150 dimissam
1126 2105 1217 2162 esse,

105 2211 183 2275 quae
204 2186 379 2252 Schneideri
401 2185 553 2250 sententia
574 2207 641 2252 esse
663 2187 783 2252 videtur
805 2187 841 2250 ad
862 2185 1215 2252 plasmaueras.

106 2293 166 2356 Sed
187 2301 222 2356 et
242 2289 314 2354 illud
336 2309 354 2352 a
373 2287 440 2352 viro
463 2287 632 2354 doctissimo
656 2289 818 2366 dissentio,
842 2290 920 2372 quod
943 2287 1166 2376 ἐμπίμπλημι
1187 2300 1218 2354 et

105 2392 335 2480 ἐμπίμπρημι
357 2413 423 2454 oum
445 2387 645 2478 ἐγγίγνομαι
666 2403 697 2456 et
719 2383 953 2480 σνγγιγνάιιιιω
978 2393 1095 2456 ooolert
1110 2392 1146 2456 Τ.
1163 2389 1216 2456 ΙΙΙ.

105 2497 161 2564 86.
187 2517 258 2559 nam
279 2493 379 2558 inluis
399 2515 516 2577 gamma
537 2494 664 2577 primum
685 2504 769 2558 eerte
790 2495 868 2558 aliud
892 2504 981 2556 sonat
1000 2505 1089 2577 atque
1110 2515 1218 2558 seeun-

107 2602 177 2665 dum
196 2599 242 2681 ¹⁰)
268 2611 365 2681 neque
387 2597 481 2680 magis
503 2596 624 2660 auditur
652 2615 737 2679 quam
766 2596 798 2658 in
822 2586 1002 2682 ἐγγεγάιμω
1026 2605 1114 2678 atque
1136 2595 1218 2658 simi·

107 2704 206 2778 libus,
240 2713 316 2785 quae
339 2700 376 2762 ad
398 2698 512 2784 Phryn.
538 2721 568 2783 p.
593 2697 667 2762 155.
698 2697 788 2762 allata
816 2709 905 2771 sunt,
940 2698 992 2760 sed
1018 2696 1219 2762 adulterinum

107 2817 165 2885 est,
189 2815 225 2868 ut
247 2803 279 2866 in
296 2793 469 2890 φυγγάνω,
491 2795 660 2891 λωγχάνω.
683 2837 727 2848 ·-
749 2800 853 2871 Litora
870 2783 900 2866 ιῖ
914 2821 953 2864 ne
976 2797 1111 2864 erebrius
1133 2798 1218 2882 inge·

106 2917 230 2972 reretur
257 2906 408 2970 Personus
437 2905 473 2968 ad
500 2903 555 2970 Or.
578 2899 654 2970 292.
683 2925 736 2987 pro
765 2899 943 2992 ἰσχναίνω,
975 2903 1053 2987 quod
1080 2901 1219 2985 analogia

80 3009 260 3095 lpostnlat,
296 3007 413 3100 Atticos
443 3004 581 3097 ἰσχωίνω
613 3005 727 3070 dixisse
757 3006 943 3084 arbitratum
988 3005 1036 3070 eni
1068 3005 1220 3070 eonsentit

108 3113 308 3186 Schaelerns,
342 3131 399 3176 neo
419 3121 566 3194 repugnat
587 3108 738 3174 Matthiae
751 3109 789 3172 ad
810 3129 842 3173 v.
866 3103 941 3174 288.
966 3106 1048 3170 illam
1070 3105 1218 3188 antiquio·

107 3237 192 3290 rem,
226 3213 304 3278 hano
330 3212 497 3278 molliorem
523 3221 555 3276 et
581 3211 783 3277 recentiorem
810 3210 937 3274 formam
965 3219 1000 3274 ut
1026 3199 1121 3297 ἰσχάς
1148 3227 1218 3272 esse

107 3319 226 3382 dicens.
284 3315 341 3395 Qui
370 3336 474 3379 omnes
503 3313 569 3398 plus
600 3315 784 3378 contendere
814 3313 954 3379 videntur
985 3333 1070 3395 quam
1100 3308 1219 3394 probari

107 3430 221 3504 potest.
264 3418 310 3482 Aa
333 3418 412 3507 ἴσχω
436 3416 555 3482 dueitur
576 3412 713 3505 ἰσχωίνω
737 3413 887 3498 Theoplr.
911 3415 948 3478 de
971 3413 1062 3478 Odor.
1085 3413 1137 3476 1v.
1161 3409 1216 3474 47.

108 3522 186 3586 Poll.
218 3520 272 3585 lv.
305 3517 378 3584 178.
415 3530 450 3584 ut
477 3516 622 3601 κνωίνω,
654 3515 811 3598 λιταίνω,
839 3511 1017 3594 άλθαίνω,
1049 3510 1219 3600 άλωωίννι,

107 3657 321 3676 uun-*ow-

176 3745 207 3811 8)
225 3744 253 3798 ln
272 3745 389 3796 diremtio
406 3743 539 3796 voeabulis
556 3735 604 3810 ἔμ’
620 3737 781 3807 invictam
797 3742 861 3794 Eur.
881 3741 923 3794 ul.
943 3738 1003 3792 ste.
1024 3737 1109 3804 paullo
1127 3737 1219 3788 durias

110 3841 184 3884 sonat
202 3847 280 3899 quam
298 3826 364 3896 τᾷδ’
380 3825 517 3900 ἄρ’Ἄρην
537 3845 564 3880 v.
584 3828 721 3882 Hermann.
742 3828 824 3880 adil.
842 3827 874 3880 ll.
894 3828 921 3877 in
938 3823 1017 3878 sun.
1036 3824 1080 3876 ss.
1104 3831 1132 3874 et
1149 3823 1218 3876 simi·

110 3919 159 3980 lia,
184 3934 297 3988 quornm
315 3917 388 3984 eopia
404 3915 487 3982 major
504 3931 581 3983 quara
599 3922 629 3965 ut
645 3914 768 3978 exemplis
786 3929 849 3982 opus
866 3913 911 3964 sit.

175 3993 564 4072 9)Αι1ι1ωιόιιιι’μπιφράναι,
590 4001 657 4068 quod
675 3999 769 4050 Comus
789 4000 815 4050 in
832 3997 942 4049 Aristot.
963 3995 994 4048 ll.
1014 3995 1081 4046 Ann.
1100 3991 1133 4045 V.
1154 3993 1179 4044 s.
1205 4008 1219 4041 e

109 4091 237 4154 Medioeo,
263 4098 296 4142 nt
316 4090 427 4151 dieitur,
452 4089 547 4150 edidit,
573 4087 624 4138 nisi
644 4085 778 4138 bekkerns
801 4084 879 4150 hujus
902 4084 1046 4150 scripturae
1067 4080 1219 4132 mentionem

109 4193 213 4250 prorsus
233 4177 373 4230 omisisset.

175 4265 222 4331 10)
240 4257 417 4334 ’Enydpvopuna
433 4259 513 4312 scribi
530 4267 616 4327 potest
633 4267 664 4310 ut
681 4253 804 4329 (lapelee,
830 4255 874 4307 sed
893 4271 941 4306 non
959 4223 1096 4323 γίνννμιιω
