2944 4888
199 391 203 400 .
323 341 383 410 nn
411 335 611 409 resnou.
641 333 843 410 curuos.
875 337 962 428 us.
1153 343 1202 415 ac

88 518 153 612 cair
168 517 289 612 πνοήν
306 499 498 609 ir'patoffl'),
519 522 604 608 cujus
622 515 801 587 discriminis
819 523 968 590 rationem
986 524 1037 608 qni
1053 513 1203 611 intelligat

88 629 248 694 admodum
266 636 353 690 acute
370 625 475 689 audire
494 635 623 709 oportet,
647 645 682 690 ac
702 642 740 688 ne
758 641 863 690 verum
884 625 1001 711 quidem
1019 639 1078 706 est,
1099 645 1202 693 ursam

88 733 123 796 alr
151 729 295 794 omnibus
323 715 451 814 ripaeos
478 731 525 808 (v.
555 725 669 791 Niolss.
699 727 735 792 acl
764 726 885 812 Geoppz
908 723 947 794 V.
978 728 1048 814 ³0.)
1078 740 1202 796 ventum

87 827 288 919 α’πνρκτίαν
309 831 378 894 dici.
420 829 518 894 Cuusa
538 839 656 906 autern,
682 851 737 894 cur
758 829 846 894 litera
863 817 891 897 ἶ
908 831 995 895 modo
1016 831 1095 896 adsit
1115 834 1201 897 modo

88 937 183 1013 tlcsit,
213 953 277 998 nou
299 931 394 1017 magis
417 932 551 1016 expoliri
574 942 690 1016 potest,
717 951 804 1016 quom
826 953 917 1016 quare
940 933 1063 998 Romani
1085 953 1204 1019 semper

87 1037 208 1122 quidem
232 1037 331 1114 utros,
345 1033 468 1120 soltus,
492 1032 650 1120 refertus,
675 1035 729 1100 sctl
751 1054 813 1098 non
834 1053 953 1122 sempor
973 1038 1089 1115 multo,
1112 1045 1204 1102 artua

86 1140 237 1206 dixerint.

601 1306 633 1396 ὅ.
656 1302 689 1376 ll.

171 1446 326 1531 Psssaepo
353 1442 502 1528 interest,
538 1465 683 1531 quaenam
712 1439 842 1518 vocales
861 1441 1054 1532 proretam.
1097 1439 1201 1515 Paullo

84 1549 205 1617 vastitm
228 1555 341 1614 sonant
362 1547 454 1612 dativi
477 1545 588 1635 popul
608 1547 728 1614 Aetion.
753 1549 790 1613 H.
814 1549 896 1613 Arm.
920 1549 976 1614 lX.
1001 1547 1056 1614 45.
1087 1551 1202 1640 ἰχῶρσι

85 1654 196 1719 Galen.
230 1653 268 1715 dc
298 1650 402 1734 Simpl.
431 1649 510 1715 Med.
540 1649 597 1714 Xl.
627 1649 662 1714 3.
689 1649 766 1717 722.
795 1651 832 1714 Τ.-
856 1651 921 1715 Vll.
954 1647 1080 1742 ripoinus
1106 1654 1198 1719 Alex.

84 1755 183 1821 Trall.
209 1753 235 1818 l.
261 1753 300 1830 9,
324 1751 377 1816 14.
403 1750 543 1840 φθειρσί
562 1752 712 1838 Theophr.
735 1753 827 1818 (lans.
850 1753 889 1818 ll.
913 1753 953 1832 9,
975 1753 1008 1819 6.
1033 1755 1121 1840 Diog.
1147 1753 1198 1822 lV.

82 1859 116 1924 4.
141 1855 269 1922 Aeliam.
293 1857 332 1920 ll.
361 1857 443 1920 Anu.
467 1853 523 1919 lX.
549 1853 601 1920 19.
631 1858 708 1941 quod
735 1857 768 1920 in
796 1857 861 1920 cod.
892 1855 1019 1944 φθερσί
1046 1860 1199 1936 scribitur,

83 1963 137 2028 sed
166 1959 282 2025 evitari
310 1979 371 2022 non
398 1968 580 2043 potuerunt3
619 1955 725 2048 χειρσί
752 1975 844 2036 vero,
879 1961 955 2043 quod
983 1959 1201 2026 Grammaticus

82 2061 257 2130 lica-manni
277 2059 348 2125 XV.
373 2059 447 2126 306.
476 2059 591 2125 Anecd.
617 2061 717 2125 (iram.
746 2057 785 2124 Τ.
808 2060 832 2124 1.
856 2057 937 2126 441.
967 2079 1034 2126 cum
1062 2061 1203 2151 φθειρσί

74 2165 260 2251 ¹componit,
292 2163 458 2249 elegantiae
486 2181 576 2227 causa
601 2157 708 2255 amisit
727 2163 846 2228 literam
873 2164 1055 2240 amiticiam,
1090 2176 1122 2230 ct
1147 2187 1201 2250 pro

82 2265 263 2358 μάρτυροι
290 2266 465 2350 Hipponacti
492 2265 525 2329 in
551 2266 611 2330 fine
639 2269 790 2331 scazontis
816 2266 868 2330 Fr.
894 2265 974 2330 Vlll.
1005 2263 1060 2331 ³3.
1091 2268 1202 2354 placuit

83 2364 265 2460 ptor'pvvcct
285 2369 436 2444 scribere,
460 2369 496 2432 de
519 2383 575 2453 quo
596 2369 765 2434 Meinekius
787 2369 823 2432 atl
845 2367 979 2452 Euphor.
1001 2387 1031 2452 p.
1054 2367 1128 2434 199.
1152 2391 1201 2434 rc·

83 2475 161 2540 suus
186 2471 298 2547 sentit,
322 2491 408 2555 quam
428 2471 625 2536 Buttmannus
647 2471 679 2535 in
701 2471 765 2534 lud.
783 2473 925 2536 Anumm.
946 2471 975 2553 ἓ.
996 2469 1049 2534 58.
1073 2493 1103 2554 p.
1122 2469 1198 2537 235.

83 2577 143 2642 Setl
161 2571 279 2661 Σηρσί
297 2567 419 2640 Caesar.
436 2573 513 2639 Dial.
532 2573 570 2637 ll.
586 2571 661 2636 631.
681 2573 716 2636 C.
736 2573 772 2636 T.
788 2571 848 2636 Xl.
865 2565 941 2636 91111.
958 2573 1046 2658 Bign.
1065 2565 1202 2659 Ἴβηρσι

82 2679 186 2744 Strato.
212 2673 269 2740 IV.
293 2677 326 2742 2.
355 2676 548 2763 prescripsi
570 2675 661 2740 Sext.
681 2675 760 2762 Hyp.
785 2673 809 2737 l.
839 2673 867 2758 ς.
893 2671 966 2741 trs.
994 2695 1023 2760 p.
1049 2673 1102 2738 61.
1131 2675 1201 2740 lite·

81 2803 148 2848 ram
172 2781 208 2845 iu
232 2779 298 2863 ipso
320 2779 505 2845 nominativo
527 2788 757 2863 praesonantem
776 2794 927 2861 nunquam
947 2779 1140 2864 abjecerunt,
1163 2797 1201 2842 ae

82 2905 122 2950 nc
143 2894 258 2970 poetae
280 2882 397 2966 quidem
421 2879 629 2969 μνηστῆρσι,
655 2880 878 2966 ἕρπνστῆρσι,
907 2879 1007 2944 dicere
1029 2881 1198 2958 fastidiunt,

83 3007 216 3072 qnorum
239 2983 390 3070 perfacilis
412 2994 479 3048 erat
498 2983 653 3048 devitatio.
698 2983 791 3047 Verbi
812 2990 920 3069 ἕρπω,
946 2983 1024 3067 quol
1044 2983 1199 3047 Buttman-

83 3111 142 3155 nns
165 3089 201 3153 in
226 3087 290 3153 ltul.
311 3087 450 3150 Ariorum.
474 3085 554 3150 ultra
575 3087 781 3171 imperfectum
804 3085 957 3148 declinari·
970 3095 1073 3170 negat,
1096 3085 1200 3149 futuru

82 3193 184 3258 utitur
209 3189 379 3275 Aeschylus
400 3189 489 3252 Eum.
513 3187 587 3268 5003.
613 3189 776 3264 auriolum,
807 3187 864 3253 ἐπὶ
888 3191 1007 3272 μεῖζον
1035 3184 1133 3272 slope
1158 3184 1199 3254 ccl

82 3289 194 3363 κακόν
218 3292 380 3378 Chrysost.
401 3289 475 3376 Epp.
501 3312 531 3375 p.
554 3289 630 3356 622.
653 3291 692 3356 Ε.
720 3295 875 3376 ἐξεῖρψεν
895 3284 920 3374 η’
942 3287 986 3376 νῆ
1005 3283 1199 3378 βατράχους

84 3398 201 3462 Psalm.
229 3393 307 3460 GlV.
329 3391 385 3460 29.
416 3395 494 3478 quotl
514 3393 616 3479 Etym.
642 3392 719 3457 Gud.
743 3414 774 3478 p.
799 3383 879 3467 192,
902 3387 956 3456 66.
980 3390 1200 3476 interpretatur

85 3491 283 3586 ἐξήνεγκεν,
304 3496 455 3584 ἐξέβαλε,
486 3495 599 3579 antiqui
620 3504 655 3558 ut
674 3494 897 3559 immodulatnm
921 3491 1071 3576 respuisse
1092 3491 1198 3555 virleu·

86 3611 149 3666 tur.
197 3599 318 3666 Nnmue
339 3598 397 3662 alia
423 3607 582 3661 causaest
605 3617 662 3661 cur
679 3596 720 3676 ii,
751 3597 801 3681 qui
822 3597 958 3662 suaviter
978 3593 1126 3678 loquentiu
1148 3613 1198 3656 oe·

86 3715 172 3770 toros
200 3703 334 3768 Graecos
360 3709 560 3784 superarunt,-
594 3714 652 3763 cur
675 3699 769 3782 igitur
792 3699 906 3776 Attici,
937 3717 1027 3783 quum
1054 3713 1196 3780 praesens

85 3809 173 3874 stoa
196 3817 229 3871 ct
249 3807 385 3870 fusuram
410 3803 489 3880 ἕλξω
511 3801 606 3888 magis
628 3802 821 3897 probassent,
851 3821 937 3886 mam
961 3789 1065 3867 sumo
1090 3808 1122 3861 et
1142 3798 1198 3864 ἐλ-

87 3957 303 3976 -ι--ιι-Π

118 4127 127 4144 .
151 4062 198 4130 3⁷)
223 4061 277 4130 Qui
301 4061 450 4130 sequutum·
472 4067 568 4111 versus·
589 4058 648 4113 nat
670 4047 728 4126 μῆν
749 4039 866 4120 νε1ι1ζειλ
883 4057 931 4110 sol
953 4047 1102 4128 κατατήκει
1123 4047 1199 4120 πνοῆ

85 4144 189 4221 ἔρνος,
209 4148 374 4218 supplentur
387 4144 420 4194 ult
436 4143 575 4196 Bostar-thio
593 4160 617 4211 p.
638 4143 716 4204 1196,
736 4141 777 4195 ll.
796 4138 890 4210 ὅρκιον
905 4137 940 4198 cis
956 4137 1087 4211 occepso
1103 4133 1199 4194 ἐννεύ-

84 4253 125 4294 us
137 4227 254 4309 plaia,
276 4233 346 4288 num
364 4238 473 4300 apparet
488 4226 595 4304 speon
611 4230 775 4282 scribendum
791 4243 861 4282 csso.
1132 4251 1140 4260 ‹

938 4321 960 4386 3
970 4320 990 4357 ss
