2940 4894
230 323 300 392 ιιι
485 308 490 316 ’
590 305 913 389 ntssnnrnrro
941 319 987 388 ιι.

230 495 362 582 credie&
382 503 448 568 sive
468 493 640 583 οἴοποῖλοιξ,
664 503 755 568 attice
777 494 878 567 antem
901 496 1036 588 οκοὶλοψ
1057 522 1090 566 ιι.
1113 499 1283 567 Commeat.
1306 495 1359 567 ad'

229 607 384 690 Aristoph.
404 605 480 669 Ach.
500 603 576 670 879.
600 627 618 670 a
640 607 734 684 verbp
758 602 906 684 οιάλλω,
928 615 962 668 ut
984 603 1135 688 creditur3
1166 605 1232 669 avis
1254 627 1348 690 quae·

231 709 296 772 dam
313 700 478 796 cicadiop
496 721 528 774 et
543 695 710 786 οκολόπαξ
727 731 759 773 v.
773 707 948 772 Schneider.
965 707 1001 770 ad
1016 707 1121 795 Eclog.
1136 707 1227 793 Phys.
1243 729 1273 792 p.
1286 707 1344 771 41.

230 811 267 874 ad
290 811 416 890 Aristct.
441 811 478 874 T.
502 811 555 875 IV.
582 800 655 874 131.
685 831 782 894 neque
805 810 948 873 differunt
968 806 1144 897 γλίχοριοιι,
1166 807 1348 896 dierectum,

230 913 329 990 liheo,
358 912 466 1002 γλίξαι
487 914 517 978 id
539 922 586 977 est
608 914 828 998 ἐπιθυμῆσαι
848 911 980 997 Hesych.
1001 913 1088 976 unde
1110 910 1223 1002 λίχνος
1245 923 1347 976 crtum

229 1017 370 1094 videtur3
409 1015 546 1080 adhaec
575 1016 617 1102 tp
647 1025 680 1078 et
706 1016 740 1092 ἴξ
761 1037 793 1079 v.
818 1013 930 1078 Nicias.
958 1015 995 1078 ad
1021 1013 1132 1098 Geopp.
1158 1013 1196 1078 V.
1222 1013 1283 1091 53,
1308 1012 1344 1078 6.

229 1116 356 1182 Barker.
387 1121 424 1182 ed
451 1119 554 1204 Etym.
584 1139 615 1202 p.
646 1115 740 1182 1093.
773 1117 818 1199 (in
845 1117 964 1196 adnot.)
993 1111 1041 1202 ὄψ
1066 1139 1151 1194 vox,
1176 1112 1247 1206 οίιρ·
1274 1119 1345 1214 nix,

231 1213 296 1309 ded&
318 1241 407 1338 rupes
429 1221 621 1306 (interposita
641 1220 741 1285 vocali
761 1231 796 1282 ut
809 1239 921 1335 sepes,
945 1221 1084 1296 scrobes,
1108 1221 1215 1295 nubes,
1241 1221 1345 1298 navis,

230 1324 331 1406 copis,
356 1323 439 1408 jugis
461 1345 515 1407 pro
538 1315 606 1406 ζύξ)
629 1321 734 1409 occidi
757 1322 852 1406 cinips
874 1321 1054 1406 (ciniphes),
1084 1315 1211 1408 κώνωψ
1236 1323 1343 1401 culex,

229 1417 354 1511 σμῶδιξ
376 1437 407 1489 et
427 1422 560 1512 μώλωψ
582 1447 601 1489 a
620 1419 733 1510 σριοῖω,
757 1425 845 1487 unde
859 1420 978 1510 σμώιιη
1000 1423 1099 1508 plaga,
1124 1423 1233 1512 φλίβω
1248 1425 1344 1511 dign,

195 1533 202 1558 ¹
228 1525 329 1615 λείβο
352 1529 450 1613 liquo,
475 1522 557 1602 ὀπός
578 1549 688 1602 sucus,
712 1527 817 1610 quibus
840 1539 966 1612 cognata
990 1527 1132 1592 videntur
1154 1549 1259 1611 sapor,
1287 1549 1346 1592 uc-

229 1639 336 1715 sapus,
362 1631 524 1714 insipidus,
546 1631 727 1710 ¹insubidus3
759 1622 852 1715 ἧπαρ
870 1631 977 1714 jecur,
1007 1636 1113 1704 ἵππος
1135 1637 1242 1716 ῗκιιος,
1270 1653 1344 1696 οοιι-

229 1733 293 1798 ιιίνί
318 1732 460 1808 connixi,
491 1743 523 1796 et
543 1733 672 1796 fortasse
698 1726 895 1798 cecinissem
921 1723 1087 1814 udices,
1118 1727 1232 1820 οτήξ,
1264 1734 1345 1818 quod

229 1835 316 1899 hodie
339 1857 400 1898 non
422 1835 551 1918 legitur,
574 1835 658 1898 tabes
672 1835 712 1916 ⁵).
749 1833 852 1918 ltaque
873 1834 933 1904 tria
954 1835 1164 1919 distinguimus
1186 1835 1345 1898 nominum

228 1959 362 2024 genera,
386 1958 479 2000 unum
501 1938 576 2021 quod
600 1937 686 2021 stirpi
708 1937 869 2000 verborum
888 1937 1108 2020 primitivorum
1129 1936 1235 2022 sigma,
1260 1959 1344 2002 cour-

226 2056 318 2105 munc
334 2039 522 2104 formationis
540 2039 786 2115 instrumentum,
803 2040 956 2126 adjungite
981 2037 1080 2144 eicie,
1097 2037 1181 2120 δαῖς,
1197 2035 1282 2114 νοῦς
1295 2040 1342 2123 ⁶),

227 2143 331 2232 φλέψ.
358 2144 508 2218 Alterum,
533 2143 610 2227 quod
632 2143 758 2206 eandem
780 2143 899 2206 literam
921 2134 992 2206 sed
995 2143 1111 2208 inserta
1132 2143 1222 2206 simul
1240 2143 1342 2207 vocali

225 2247 324 2324 addit,
354 2246 405 2311 vel
429 2266 533 2330 puram
558 2239 719 2324 dictes
696 2236 820 2336 οχούς,
853 2245 904 2310 vel
928 2245 1090 2366 implexam
1114 2256 1233 2323 mutae,
1257 2265 1344 2329 puae

225 2350 260 2414 in
281 2349 367 2414 verbi
388 2349 521 2412 motione
532 2348 719 2447 asciscitur,
744 2344 875 2434 σύριγξ,
898 2339 1070 2436 οἷροοῖρογξ,
1092 2349 1151 2413 nisi
1173 2348 1217 2414 sic
1239 2350 1345 2414 dicere

225 2463 359 2538 praestat
380 2451 512 2539 syllabas
535 2458 564 2529 ιξ
585 2461 618 2516 et
637 2457 676 2530 οξ
698 2451 764 2518 sive
785 2455 845 2540 cy}
865 2450 1147 2536 prosschematismo
1174 2451 1273 2537 potius
1295 2453 1345 2516 af-

230 2609 441 2625 Μ*

293 2711 321 2779 d)
339 2711 462 2782 Hesychii
479 2707 601 2780 Koiicyse
616 2706 654 2766 cd
671 2708 775 2792 ἕμβρυιι
793 2677 860 2765 idem
878 2727 936 2765 esse
953 2713 1068 2776 videtur,
1088 2714 1155 2782 quod
1171 2701 1288 2774 suidones,
1301 2707 1343 2766 'ut

225 2795 336 2872 d'peonee
352 2815 398 2866 pro
417 2793 526 2868 ὄρτυγες
541 2798 639 2850 Aneod.
658 2815 685 2866 p.
706 2800 783 2852 1430.

294 2903 320 2968 5)
343 2901 440 2954 Forfex
464 2917 564 2968 quoqne
588 2903 643 2953 sola
667 2903 752 2968 specie
776 2902 880 2954 differre
903 2909 964 2969 puto
987 2918 1004 2954 a
1023 2903 1123 2970 forceps
1145 2917 1172 2955 v.
1191 2903 1338 2968 Bcettigcr.

225 2987 314 3040 Sabin.
333 2987 366 3038 Τ.
382 2986 401 3038 1.
418 2988 478 3040 313.
499 3003 549 3054 quo
567 3004 646 3058 quum
663 2990 765 3055 proprie
784 2985 943 3053 significetur
961 2988 1093 3042 fabrorum
1111 2989 1280 3042 ferrariorum
1299 2990 1340 3041 in-

223 3081 406 3134 strumentum,
426 3073 493 3140 quod
511 3089 603 3138 graece
621 3076 805 3142 θερμαυστρίς
822 3075 848 3124 id
866 3081 907 3126 cst
925 3074 1066 3142 farmicnpa
1083 3077 1180 3126 dicitur
1196 3092 1222 3128 v.
1244 3077 1276 3126 ad
1291 3075 1337 3140 Α).

222 3177 250 3230 p.
269 3161 329 3214 358.
354 3168 445 3228 postca
463 3174 553 3210 nomen
573 3160 605 3212 ad
623 3160 676 3211 alin
694 3161 832 3212 decussata
849 3162 1004 3213 translatum
1023 3169 1064 3214 cst
1081 3163 1113 3212 ob
1132 3162 1228 3213 formae
1247 3163 1340 3213 simili-

222 3247 355 3309 tudinem·
386 3247 418 3296 ab
440 3246 529 3297 cadem
551 3245 632 3299 forma
654 3245 817 3297 denominate
837 3253 900 3298 sunt
918 3245 1061 3316 κάρκινοι,
1085 3263 1192 3309 cancer,
1218 3249 1343 3310 cancelli,

222 3330 367 3404 ueruiddse·
385 3332 531 3402 Hesychius
546 3327 691 3400 Κοῖγχαλοι
708 3326 830 3398 upiucsc‘
847 3329 893 3386 ἐπὶ
912 3335 972 3386 ταῖς
989 3329 1100 3399 θοραιι,
1117 3331 1242 3388 Σικελοί·
1262 3350 1340 3401 quem

220 3419 335 3485 vulgo‘
321 3410 444 3496 ρὸπτροο
461 3419 592 3488 appellant
615 3433 642 3469 v
662 3416 788 3484 Harpocr.
820 3418 949 3488 Ακρίιιοι
965 3420 1112 3472 derivatum
1129 3423 1242 3493 un'pmvoe
1262 3421 1342 3503 circi-

221 3519 288 3568 nus,
314 3507 358 3574 qui
376 3513 403 3557 et
421 3495 550 3576 πάροινος
567 3504 675 3555 dicitnr.
1275 3525 1277 3527 -

291 3609 318 3677 6)
334 3609 358 3660 Α
375 3604 447 3673 roim,
465 3611 533 3672 edm,
548 3603 682 3672 πεύσομαι
700 3604 868 3658 Grammatici
886 3622 913 3658 v.
929 3606 1026 3659 Anecd.
1043 3608 1129 3660 Crem.
1146 3607 1166 3660 1.
1182 3610 1244 3666 tuo.
1265 3617 1342 3662 recto

221 3695 341 3748 derivare
358 3697 482 3746 videntur
505 3701 532 3744 et
549 3689 629 3760 οῆοοι
652 3699 679 3743 et
695 3689 761 3747 rode
784 3694 839 3745 sive
857 3689 930 3758 usic,
954 3691 1002 3748 οιῖι
1025 3691 1072 3763 sis
1094 3692 1173 3750 sorde
1191 3695 1278 3764 Etym.
1298 3695 1339 3748 Μ.

221 3785 297 3849 cnjus
315 3797 485 3851 synonymum
504 3787 544 3831 est
561 3769 655 3846 πλωτή
679 3793 705 3830 ιι.
728 3778 818 3830 Corais
836 3780 869 3830 ad
886 3779 988 3833 Aeliam.
1007 3797 1033 3848 p.
1053 3782 1113 3834 314.
1133 3782 1160 3832 id
1178 3789 1219 3832 est
1235 3776 1252 3848 ἦ
1269 3779 1339 3835 πλέ-

220 3889 301 3934 occu,
323 3863 502 3936 ἦνηχομέοη.
536 3865 576 3917 Ab
595 3865 682 3916 eodem
700 3865 780 3915 verbo
798 3867 910 3930 νέιιουσ,
929 3862 1045 3920 wanincus
1062 3877 1090 3920 ct
1106 3869 1252 3921 vcvcdncvs
1269 3867 1288 3917 i.
1309 3883 1339 3935 q,

218 3953 349 4022 νηξίποοι
365 3953 515 4020 composita,
535 3967 644 4021 quorum
661 3965 722 4018 pars
742 3951 869 4017 posterior
886 3967 935 4002 non
954 3952 1042 4018 pedem
1061 3953 1106 4004 sed
1123 3956 1239 4020 secpsius
1256 3954 1337 4019 signi·

218 4041 280 4093 ficet
296 4057 325 4093 v.
343 4039 456 4090 Dissert.
475 4037 507 4092 V.
527 4037 551 4105 5.
573 4039 615 4094 12.
635 4043 691 4089 not.
711 4037 755 4088 38.
791 4035 880 4104 Neque
899 4035 1055 4090 aliunde
1022 4059 1105 4107 οηοοο
1123 4039 1229 4090 ducitur
1246 4038 1334 4090 Schol.
1433 4073 1440 4092 0

218 4127 302 4180 Arist.
319 4126 387 4179 Avv.
408 4125 468 4177 533.
489 4140 552 4176 anas
570 4139 586 4175 a
604 4124 687 4176 nando
704 4113 783 4174 Varr.
802 4122 884 4175 ch.
899 4123 931 4174 L.
951 4122 984 4177 V.
1006 4125 1046 4178 13.
1067 4132 1095 4176 et
1112 4125 1224 4178 fortasse
1241 4121 1336 4198 ιρῆοοιι
1428 4137 1432 4145 '

218 4215 297 4282 piscis
315 4211 407 4280 plenus
426 4226 442 4263 e
458 4205 538 4281 poio,
561 4210 623 4278 qnia
634 4209 750 4279 ,speciem
767 4209 836 4270 resi,
860 4203 1053 4283 ἀπεψημένου,
1077 4197 1165 4264 habet.
