2914 4882
235 281 307 351 aaa
599 272 921 364 nrssnnrnrro
942 272 981 340 v.

234 458 310 536 τίας
327 453 473 538 δοξάζειν
495 454 624 520 Aristot.
648 453 713 518 Pol.
737 451 803 518 Vll.
830 452 863 530 2,
888 451 920 518 5.
941 447 1006 522 oda
1030 453 1062 528 ἐξ
1085 445 1227 526 εὐθείας
1247 465 1334 522 νοεῖν
1419 450 1420 537 l

235 558 321 632 οίλλοί
342 555 422 628 ταδ’
450 553 645 646 ὑπερβατόν
672 557 770 620 Strab.
800 553 884 642 Xlll.
915 553 989 620 585.
1019 553 1083 642 τήν
1111 547 1281 636 άττιίδειξιν
1305 559 1334 632 ἐξ

218 660 374 738 ἐὐθείας
399 669 579 730 ποιεῖσθαι
605 657 712 724 Galen.
748 659 784 722 de
807 657 920 736 Samia.
944 657 983 721 11.
1011 657 1049 736 1,
1072 655 1149 722 609.
1174 659 1211 722 Τ.
1234 658 1335 737 llil

237 770 311 856 ἴσης
338 758 528 852 θαυμαστή
556 761 667 826 Julian.
691 760 745 834 lin.
769 759 794 824 1.
819 759 871 826 19.
892 759 931 824 Α.
956 770 1016 824 etc.
1047 781 1123 846 quac
1146 761 1216 846 quia
1234 782 1252 824 a
1273 783 1335 846 pro·

236 871 301 956 prio
323 879 355 934 et
376 867 478 932 nativo
499 863 655 928 intellectu
684 863 894 939 desciverunt,
924 857 985 926 non
1006 863 1133 948 amplius
1156 865 1259 947 quaeri
1288 865 1338 927 dc-

235 974 300 1050 bet,
323 971 398 1056 quod
414 987 528 1054 quoquc
546 967 613 1032 loco
635 987 746 1030 nomen
767 965 909 1030 omissum
931 967 983 1042 sit,
1007 967 1060 1030 sed
1082 965 1129 1030 bis
1147 966 1338 1051 complemen-

235 1074 276 1139 tis
298 1085 361 1138 tum
383 1073 465 1137 locus
488 1070 556 1145 luit,
587 1090 676 1154 quum
709 1067 845 1132 homines
869 1069 989 1154 proprie
1014 1067 1224 1153 loquerentur.
1267 1067 1338 1146 Jam,

236 1187 272 1242 nt
295 1176 331 1240 ad
353 1172 536 1258 propositum
565 1172 705 1248 redeam,
736 1172 839 1236 ecdem
867 1171 954 1234 modo
984 1171 1093 1236 dicitur
1120 1169 1339 1258 προφθαδίην

238 1273 432 1366 άχορεάειν,
465 1271 625 1362 άντιβίην
658 1272 703 1360 (et
725 1268 884 1361 άντίβιον
909 1273 974 1338 sive
997 1273 1198 1360 ἐναντίβιον
1208 1273 1253 1357 ⁸⁰)
1280 1271 1340 1360 ἐρί-

237 1383 317 1462 ζειν,
339 1373 498 1470 άμηαδίη
518 1402 552 1443 τι
573 1375 691 1465 ῥέζειν,
714 1373 886 1466 πασσυδίῃ
906 1373 1161 1466 προχέοντοὸῐ),
1184 1370 1338 1465 αὐτοσχε-

115 1479 122 1496 ’
236 1480 313 1570 δίην
343 1477 481 1570 βάλλειν
512 1489 543 1545 et
572 1474 793 1570 αὐτοσχεδίην
828 1473 939 1565 ᾄδειν,
973 1489 1126 1564 postremo
1157 1477 1338 1570 κρυπταδίῃ

188 1633 193 1642 ·
235 1575 427 1654 λανθάνειν
447 1581 574 1646 Maxim.
603 1603 635 1647 v.
660 1581 734 1648 339.
765 1582 870 1666 quibus
900 1582 1083 1665 respondent
1109 1583 1276 1666 accusativi
1301 1583 1338 1648 la·

236 1689 305 1757 tini,
309 1681 489 1772 perperam,
505 1685 717 1770 promiscam,
732 1682 904 1768 'dqfaricm
928 1686 1030 1762 olias,
1062 1695 1094 1749 et
1115 1685 1168 1768 qui
1189 1694 1277 1769 supra
1296 1706 1339 1750 rc·

237 1791 292 1856 lati
313 1798 385 1852 sunt
407 1786 499 1852 dativi
521 1785 694 1875 δαιμονίᾳ,
715 1785 895 1879 θεσπεσίη,
920 1783 1102 1878 οίναχιιαίη.
1143 1787 1248 1872 Neque
1261 1780 1338 1852 secas

160 1929 164 1941 ·
238 1903 367 1958 statuam
387 1891 423 1954 de
446 1887 521 1980 ἐτεῇ
542 1889 666 1974 aliisquo
696 1891 816 1968 dativis,
844 1891 894 1976 qni
914 1891 1126 1972 adverbiorum
1155 1890 1250 1956 locum
1273 1888 1339 1958 obti-

199 2077 201 2082 ,
238 2003 382 2067 nuernnt,
406 2002 440 2056 ut
461 1988 574 2078 ὁμαλῆ
595 1992 625 2056 id
647 2001 694 2056 cst
715 1987 805 2076 ὁμοῦ
821 1992 953 2080 Hesycb.
986 1993 1063 2077 quod
1092 1992 1119 2058 si
1149 1993 1186 2056 ab
1218 1988 1337 2080 ὁμαλής

238 2095 390 2182 provenit,
417 2115 483 2158 cum
509 2091 642 2181 ὁμαρτῇ
661 2093 911 2179 aequiparandum
929 2106 987 2178 est,
1006 2093 1130 2184 ἠσσχῆ,
1153 2091 1266 2182 λάθρη
1283 2104 1334 2158 cte.

239 2218 315 2283 quac
335 2196 434 2262 omnia
450 2197 540 2262 tacite
555 2197 776 2282 subsequantur
798 2215 909 2262 nomen
929 2199 1072 2283 quoddam
1094 2198 1235 2262 feminini
1256 2216 1337 2282 genc-

238 2301 282 2366 ris
305 2301 369 2367 sive
391 2297 484 2388 χρεία
503 2302 569 2366 sive
590 2294 674 2388 τάχη
695 2299 761 2364 sive
782 2299 898 2388 δράσις
918 2301 984 2366 sive
1007 2294 1162 2376 deridente
1179 2299 1335 2366 sive-alind

239 2403 327 2488 bujus
356 2402 529 2466 indefinitae
561 2401 787 2488 significationis
814 2403 1012 2480 vocabulum,
1051 2406 1138 2489 cujus
1174 2403 1335 2468 adumbrata

239 2506 323 2570 notio
347 2505 380 2570 in
401 2505 509 2571 animis
531 2507 657 2570 obscure
679 2505 789 2584 haesit,
820 2507 916 2572 forma
937 2517 1037 2572 autem
1059 2509 1172 2572 amissa
1193 2489 1257 2582 esti
1286 2524 1336 2591 quo

240 2609 343 2675 evenit
364 2619 399 2674 ut
426 2608 532 2672 iisdem
560 2608 728 2694 adjectivis¹
745 2629 817 2676 non
827 2629 946 2693 semper
973 2609 1051 2674 idem
1073 2610 1291 2682 substantivum
1310 2615 1336 2670 ct

238 2709 385 2796 aliquibus
414 2709 529 2774 nullum
557 2721 698 2774 accurate
726 2711 897 2776 conveniat.
925 2711 1002 2777 ¹Sed
1018 2714 1082 2798 jam
1108 2715 1145 2778 eo
1167 2720 1335 2798 perventum

239 2823 298 2894 est,
327 2833 392 2898 quo,
413 2811 494 2900 ultra
522 2813 650 2894 verebar
678 2833 717 2878 nc
744 2813 868 2898 provebi
896 2835 958 2880 οοο
989 2815 1090 2886 λίσσεο.
1138 2811 1341 2882 Doederliniua

239 2915 358 2998 quidem
388 2912 422 2998 in
445 2913 519 3000 Syn.
544 2914 580 2978 T.
604 2913 629 2978 l.
655 2913 729 2982 120.
759 2915 826 2980 sinc
848 2916 910 2982 nlla
932 2916 1129 2987 haesitatione
1154 2919 1277 2982 affirmat
1295 2914 1335 2977 ιἀ-

239 3016 363 3083 dustria
373 3015 569 3108 (ἐντρίχεια)
582 3018 757 3088 femininum
766 3040 834 3084 esse
846 3019 986 3105 adjectivi
1001 3020 1190 3097 ι’σάιισινίιισ,
1205 3039 1261 3104 qno
1275 3017 1333 3084 dclv

241 3120 378 3194 incuria,
402 3119 533 3203 ι’σχλινὶο,
564 3121 730 3212 a'ndolorc‘a⁴
752 3133 783 3186 et
803 3122 1097 3206 similiterligdrata
1124 3123 1230 3192 eodem
1260 3120 1335 3190 adut·

239 3231 330 3306 pcnt3
360 3221 498 3306 denique
508 3204 644 3288 matoria
666 3245 781 3308 quoqne
803 3236 834 3290 et
859 3225 928 3288 huic
949 3225 1059 3288 similia
1080 3245 1191 3310 graeca
1211 3221 1334 3294 άιιοστο·

239 3321 309 3412 ρία,
330 3319 572 3413 dloocha'ost
549 3326 747 3412 αναιιτορία,
772 3325 917 3414 ιάτορία,
939 3329 1084 3414 ἱστορία,
1105 3325 1335 3394 terminationem

239 3428 456 3514 adjectivorum
476 3429 599 3508 babent,
621 3423 840 3519 σίναττὸριοε,
862 3427 1084 3522 πρακτήριος,
1104 3423 1266 3520 ἱαεσηριοε
1282 3438 1332 3492 tlt·

241 3615 448 3631 *-

309 3719 354 3784 80)
375 3721 421 3774 llis
434 3721 533 3774 neutris
547 3721 596 3774 niti
610 3723 715 3776 videtur
727 3723 1003 3791 mirabiliellnsgravii
1016 3724 1167 3790 conjectura
1179 3740 1196 3778 n
1209 3719 1332 3776 Salaciam

242 3803 301 3856 olim
316 3808 423 3873 probata
438 3809 470 3858 nd
483 3809 541 3860 Ros.
557 3824 581 3876 p.
597 3811 641 3862 45.
656 3817 684 3862 et
698 3811 756 3864 578.
773 3807 810 3864 δι’
829 3807 917 3881 σ’ρθῆε
929 3818 957 3864 ct
972 3811 1068 3864 similia
1086 3813 1136 3864 dici
1147 3827 1194 3880 per
1213 3808 1332 3871 encllcsefl

241 3894 343 3954 generis
355 3909 400 3960 pro
414 3890 453 3947 δι’
462 3890 549 3965 dodoi
564 3903 615 3948 otc.
1419 3939 1420 3944 =

310 3993 355 4060 ει)
372 3996 541 4054 anisacar
555 3993 707 4072 σμφιιιηι,
727 3999 963 4068 quaanusaaaas
982 4015 1008 4070 a
1024 4001 1091 4067 ou,
1110 4001 1155 4056 ιο
1169 4013 1225 4056 σοι
1239 3990 1330 4063 τισίν

241 4080 376 4148 componit,
398 4090 426 4134 ot
440 4103 527 4138 arcem
515 4081 592 4152 οδίην
614 4087 747 4156 impugnat
766 4086 934 4142 Wcllcnorao
953 4089 1001 4140 ad
998 4087 1120 4156 Apellen
1141 4073 1325 4142 {Libii-11¹
1419 4113 1420 4168 l

243 4162 301 4219 195
315 4183 341 4218 ν.
357 4165 433 4221 Voss.
448 4169 566 4222 adArct
582 4169 643 4225 713
1419 4169 1420 4178 ¹
