2940 4894
324 305 384 373 bu
413 303 577 374 Nouio.
606 305 778 374 MONOS.
810 307 847 374 G.
870 305 916 377 11.
947 311 976 396 §a
997 313 1030 379 4.
1173 312 1241 384 15⁷

119 490 232 555 mmnna
255 495 467 571 argumentum
490 485 635 570 praebent
654 485 775 553 nomina
792 489 912 574 propria
926 485 1090 580 Χάλυβες
1111 503 1143 557 et
1158 487 1241 563 Xe'-
1273 526 1275 530 ·

119 593 225 680 λυβοι
243 591 320 674 apud
334 589 515 652 Hecataeum
533 598 565 652 et
579 587 750 672 Euripidem
768 611 800 654 v.
815 589 951 678 Elmslej.
970 594 1006 656 ud
1023 593 1142 660 Heracl.
1162 595 1237 662 162.
1307 643 1308 648 1

120 693 251 779 Κῖνυψ
274 703 306 757 et
326 689 486 778 Κίκσφος
507 711 540 754 v.
558 688 727 754 Tzschuck.
751 693 788 755 ad
810 693 881 758 Mel.
902 693 971 758 Vol.
988 694 1041 759 lll.
1063 697 1097 760 Ρ.
1115 697 1140 762 l.
1162 697 1237 766 190.

120 797 194 862 Vol.
212 795 253 858 ll.
275 795 308 858 P.
325 793 350 856 l.
368 791 443 858 265.
462 787 560 869 'Iovi
579 786 760 868 ειἼκοκος
781 817 812 858 v.
829 795 1029 861 Valckenacr.
1050 799 1087 863 ad
1105 799 1237 866 llerodo.

120 899 176 964 Vl.
198 898 252 962 14.
277 887 402 982 Νάραξ
424 905 455 959 ct
473 891 639 980 Νάρακος
659 916 691 958 r.
710 895 879 961 Tzschuclr.
904 900 940 962 ad
964 900 1062 964 Strab.
1083 901 1139 966 lX.
1162 903 1236 969 549.

114 994 278 1086 Ἐραξόι
298 999 416 1084 Enyeus
438 1019 471 1060 v.
488 997 607 1082 Zumpt.
632 999 669 1060 ad
692 997 757 1062 Cic.
777 998 864 1063 Verr.
883 998 922 1064 ll.
943 999 976 1077 8,
996 1003 1049 1067 22.
1075 1004 1176 1091 Etym.
1194 1007 1247 1072 M.

121 1099 275 1179 496,18.
305 1094 501 1176 Καππάδοξ
523 1096 748 1186 σεσημείωται
769 1105 804 1167 ἐκ
826 1102 896 1172 cair
918 1107 966 1180 εἰς
988 1092 1034 1183 ab}
1052 1101 1241 1192 οἷρσινικῶκ

121 1202 179 1274 διά
202 1203 268 1270 τοῦ
288 1203 414 1290 μικροῦ
434 1195 674 1290 γραφόμενον·
702 1199 860 1291 ἤγονικε)
876 1201 1115 1282 Καππάδοκος
1135 1206 1240 1296 ,κεκά-

120 1311 289 1398 pecccata
311 1300 455 1372 εὐθεῖαι)
478 1305 536 1372 καὶ
558 1302 707 1372 κλίνεται
727 1303 984 1376 Καππαδόκοσ·
1015 1309 1054 1376 τά
1076 1309 1113 1377 δὲ
1134 1315 1241 1380 Καπ-

121 1404 278 1502 παδόκης
299 1405 386 1476 κακά
406 1401 669 1495 μεταπλασμόα,
691 1409 805 1492 dequo
827 1411 927 1494 paullo
948 1424 1015 1496 post
1034 1413 1160 1478 dicetur.
1195 1417 1240 1480 Ac

122 1525 230 1580 notum
254 1524 301 1576 cst
322 1511 532 1574 nominativos
545 1504 706 1598 φυλακάς,
729 1507 867 1596 οἷκακός,
889 1512 1061 1602 σρῖβακος,
1083 1509 1239 1601 κήρυκος,

123 1617 161 1681 ad
185 1617 312 1681 eandem
334 1614 444 1678 referri
466 1614 649 1680 anadromcn
673 1634 703 1678 v.
728 1611 829 1679 licen.
853 1619 890 1680 ad
913 1617 1005 1703 Greg.
1029 1641 1058 1704 p.
1085 1617 1159 1685 592.
1187 1641 1240 1684 au·

124 1729 232 1794 etone,
263 1727 298 1780 ut
318 1717 464 1801 suspicari
488 1715 579 1791 libet,
611 1715 779 1780 Philoxeno
802 1737 833 1781 v.
858 1718 963 1784 Orion.
988 1742 1018 1806 p.
1044 1720 1118 1786 153.
1150 1743 1240 1810 quem

124 1841 187 1884 nou
211 1817 271 1882 alia
292 1819 410 1882 ratione
432 1813 596 1906 άμβικος,
620 1814 751 1904 ἥλικος,
771 1816 944 1909 βάβακος,
967 1820 1154 1900 παλλακάς,
1174 1820 1241 1892 ὕσ-

125 1945 249 2004 σακος,
275 1919 475 2010 άρίφαιιτος,
497 1915 701 2011 βόστρυχος,
732 1923 913 2008 explicuisse
935 1927 1085 2010 probabile
1108 1939 1174 2008 cst3
1209 1939 1242 1994 et

124 2027 201 2091 item
226 2045 279 2102 ea,
315 2045 390 2110 quae
415 2023 552 2088 labialem
578 2023 753 2102 continent,
784 2020 920 2114 Γραβός
946 2025 964 2096 ὁ
988 2021 1082 2117 γράψ
1108 2029 1238 2114 llesycb.
1297 2101 1301 2110 ,

124 2131 284 2208 ἔλλοπος,
309 2119 470 2217 χαροπός,
495 2123 660 2215 cipiliaco
686 2138 804 2192 montes
827 2129 925 2194 Lucil.
952 2133 1028 2217 apud
1050 2131 1130 2196 Geli.
1153 2131 1239 2196 XVl.

126 2255 155 2298 e.
178 2231 214 2297 9.
246 2241 405 2322 ceteraque
431 2229 614 2294 innocense
638 2223 912 2320 monosyllabarum
940 2235 1139 2318 producenda.
1186 2235 1241 2299 Po·

126 2347 244 2401 screno
267 2353 342 2418 qnae
364 2334 396 2395 in
418 2332 557 2426 liquidam
580 2333 743 2418 simplicem
767 2346 894 2412 exeunt,
918 2338 1023 2400 ecdem
1045 2337 1090 2399 illi
1112 2337 1242 2402 metiun-

125 2449 180 2504 tur
200 2437 287 2521 pcdc.
326 2434 493 2519 Stephanus
515 2453 541 2498 s.
563 2429 958 2524 Ἰβηρία-Ἀπολλάκιος
980 2434 1049 2505 α’πὸ
1070 2440 1132 2524 τῆς
1151 2460 1243 2527 year-

124 2541 191 2627 κης
206 2533 347 2627 Ἴβηρος
369 2532 513 2604 εὐθεῖαν
534 2530 681 2625 παράγει
709 2535 753 2613 οἷς
776 2539 839 2606 τοῦ
861 2535 1012 2628 φύλακος
1038 2537 1057 2607 ὅ
1079 2538 1241 2628 φύλακος,
1291 2577 1294 2588 ·

125 2643 145 2712 ὁ
166 2639 354 2732 μάρτυρος,
375 2633 554 2726 Χάροπος,
580 2638 764 2728 Τροίζηνος
785 2663 816 2704 v.
836 2641 936 2706 Schol.
954 2643 1048 2712 11.Β.
1066 2642 1142 2710 672.
1166 2663 1242 2728 quae

126 2748 231 2821 omnia
252 2755 495 2830 proparoxytona
517 2763 585 2807 esse
605 2743 671 2808 vult
690 2765 728 2808 ne
747 2743 844 2830 primo
863 2746 980 2829 quidem
999 2755 1139 2830 excepto,
1165 2747 1242 2830 quod

126 2848 324 2924 Aristarchus
347 2847 490 2911 diastolas
512 2867 603 2912 causa
625 2848 673 2928 (ut
693 2842 855 2936 χαροπός)
877 2848 969 2912 acuit.
1004 2845 1128 2913 Graecis
1141 2842 1243 2936 Ἴβη-

126 2977 185 3041 pec
215 2950 354 3016 usitatius
381 2971 470 3033 quam
492 2943 628 3039 Ἴβηρσι
634 2998 646 3028 ,
681 2950 821 3014 Romanis
851 2961 1011 3035 utrumque
1040 2951 1243 3037 promiscuum

127 3076 200 3122 esse
221 3055 344 3118 adnotat
364 3051 569 3117 Tzschuchius
591 3054 628 3116 ad
649 3053 722 3117 hlel.
747 3052 816 3118 Vol.
840 3053 892 3118 lll.
917 3053 950 3116 P.
969 3052 1024 3131 111.
1050 3053 1124 3118 158.
1149 3055 1243 3119 idem·

128 3179 189 3244 que
213 3157 248 3220 de
269 3147 435 3242 Βύζηρες,
457 3155 583 3242 Byzeri,
607 3155 761 3246 Βέχειρες
782 3168 841 3221 etc.
867 3157 989 3221 disserit
1008 3155 1077 3222 Vol.
1097 3157 1136 3220 ll.
1161 3157 1195 3221 P.
1215 3155 1240 3221 l.

129 3260 209 3327 613.
234 3257 353 3346 Ψίθυρ
376 3259 452 3344 quod
470 3257 570 3322 Schcl.
585 3257 712 3323 Theocr.
730 3259 755 3323 l.
771 3259 825 3325 21.
850 3260 953 3345 Etym.
971 3259 1048 3322 Gud.
1067 3281 1096 3344 p.
1114 3257 1190 3336 574,
1207 3257 1240 3324 8.

129 3387 200 3430 cum
232 3356 383 3452 μάρτυρ’
401 3371 600 3445 componunt,
643 3361 730 3426 hodie
761 3383 822 3426 non
852 3364 946 3447 magis
976 3362 1139 3446 reperitur·
1156 3383 1243 3446 quam

106 3453 300 3554 ιιιιοιρ,
339 3466 416 3549 quoa
444 3463 603 3528 mollinse.
634 3463 671 3526 au
697 3463 823 3530 uuonan.
854 3485 884 3549 p.
917 3463 990 3528 111.
1018 3464 1055 3528 r.
1082 3461 1166 3552 yur.
1203 3483 1245 3529 ex

130 3571 276 3636 mendosa
298 3569 446 3653 scriptura
468 3565 530 3653 τῆς
552 3562 740 3654 άκτίθαρος
764 3567 936 3651 procudisse
958 3565 1088 3631 videtur.
1132 3565 1190 3628 Sed
1212 3569 1248 3634 ol

130 3672 346 3762 papatui.
371 3672 408 3735 de
431 3669 506 3762 Soll.
529 3669 661 3740 Animum.
690 3691 718 3732 ο.
744 3667 803 3746 19,
828 3667 902 3733 173.
935 3668 1043 3732 Galen.
1068 3667 1104 3730 de
1125 3667 1244 3734 Facult.

131 3777 226 3841 Alim.
251 3774 289 3840 ll.
313 3771 353 3850 6,
377 3769 452 3838 567.
476 3773 513 3836 Τ.
537 3771 590 3836 Vl.
618 3781 649 3836 et
670 3768 751 3845 τοάς
770 3762 907 3858 ψάροσς
928 3771 1019 3834 Ther.
1044 3772 1081 3834 ad
1102 3769 1164 3834 Pis.
1189 3769 1242 3835 IV.
1266 3817 1268 3823 ,

131 3877 210 3947 227.
228 3878 265 3942 Τ.
281 3877 366 3941 XlV.
391 3879 425 3944 ol
445 3867 554 3964 ψάροι
573 3875 645 3959 (sie)
664 3874 765 3940 Noun.
783 3875 863 3958 Epit.
883 3898 911 3940 e.
927 3873 981 3951 37,
1000 3873 1073 3938 174.
1110 3873 1245 3938 Alterius

131 3983 242 4048 literae
260 3974 399 4064 exempla
415 3991 487 4046 sunt
504 3973 638 4067 κάρβακ
655 3977 713 4046 καὶ
730 3969 902 4064 κάρβανος
918 3976 1021 4062 Etym.
1035 3977 1078 4041 M.
1094 3973 1171 4051 493,
1188 3973 1243 4040 43.

133 4076 237 4169 Steph.
262 4103 290 4148 s.
313 4082 345 4147 b.
369 4105 401 4148 v.
424 4081 533 4146 Arcad.
564 4103 594 4167 p.
618 4079 651 4147 8.
682 4080 767 4165 cujus
787 4077 933 4147 feminina
954 4079 1051 4146 forma
1074 4069 1245 4165 καρβάκα,

131 4208 221 4272 quam
243 4185 440 4254 Wellaucrus
462 4182 748 4274 Aeschylo'oburlit
769 4179 873 4268 Suppl.
898 4179 973 4247 117.
1002 4203 1063 4248 nou
1084 4178 1179 4266 magis
1201 4179 1247 4243 fc-
