2914 4882
254 316 327 384 55⁰
612 303 928 378 ntssntt'ranto
956 313 995 377 V.

255 478 370 544 minino
397 472 422 561 η’
446 468 704 566 οἷτθεμοαργός,
725 471 749 560 η’
767 464 1002 561 τετράκυκλος,
1032 469 1346 572 ἦλιβαοατοφόρος,
1425 457 1426 466 ¹

253 577 278 667 ἦ
296 573 445 666 τριήρης,
468 577 612 654 volueris,
636 577 736 640 lanata
758 577 798 639 ol.
816 575 961 660 Aglaoph.
985 575 1021 640 Τ.
1037 576 1061 640 Ι.
1078 575 1154 642 847.
1199 579 1277 644 Haeo
1296 581 1346 664 igi-

255 693 317 762 tur,
342 681 412 764 quia
432 680 479 745 rei
501 693 601 744 uotam
623 679 766 764 quandam
794 678 1000 741 demonstrant
1028 679 1103 742 nulli
1130 680 1182 744 alii
1213 681 1258 746 rei
1285 704 1347 746 eou-
1425 675 1426 690 ³

253 784 439 859 venientem,
463 781 673 866 intelliguntur
694 799 748 863 per
769 800 802 842 se
824 779 888 863 ipsa
909 780 1007 844 addito
1024 783 1202 866 praesertim
1217 783 1346 848 artieulo.

254 886 300 949 Αο
321 886 348 950 si
371 886 436 970 quis
458 904 567 948 nomen
589 903 705 966 quoque
734 879 752 946 ὁ
776 880 971 969 Κορίνθιος
994 885 1123 949 audierit
1144 885 1227 950 nullo
1252 885 1348 969 adjun-

254 997 303 1052 oto
325 986 397 1064 olio,
421 987 569 1050 hominem
591 985 674 1069 prius
699 1006 787 1068 quam
815 985 895 1050 aliud
917 987 985 1070 quid
1015 987 1196 1071 cogitatione
1225 1009 1347 1072 eompre-

254 1090 376 1166 hendam,
400 1087 466 1172 quia
487 1087 570 1150 nulla
591 1088 676 1151 uobis
698 1087 887 1172 praesentior
908 1087 1002 1168 notio,
1026 1089 1106 1152 etsi
1128 1089 1270 1154 feminina
1280 1090 1349 1158 Λα-

252 1187 389 1276 αατιιιή,
414 1187 559 1276 &ppulo
581 1185 797 1278 Ἀττατιίρία,
821 1190 1038 1269 Πιτυοῦσσα,
1062 1187 1248 1278 potissimum
1260 1193 1294 1256 de
1306 1213 1349 1256 ne·

253 1293 389 1380 giouibus
412 1293 564 1376 cogitabit,
587 1313 659 1377 qnae
682 1291 909 1357 usitatissimum
939 1305 986 1358 ent
1010 1293 1060 1361 vel
1082 1297 1125 1358 alt
1140 1294 1247 1358 ineolis
1268 1295 1348 1358 deuo·

251 1396 360 1462 minari
381 1395 432 1460 vel
453 1397 489 1460 ab
511 1397 585 1460 urbe
607 1395 764 1481 principali
786 1395 837 1461 vel
857 1416 876 1460 a
897 1399 1091 1481 proventibus
1112 1397 1211 1464 aliave
1228 1397 1348 1482 proprie-

251 1508 314 1563 tate
339 1493 408 1562 soli.
453 1495 588 1562 Alterius
610 1499 731 1582 generis
757 1499 874 1583 speeies
901 1497 1069 1585 plurimae,
1100 1487 1237 1565 omnibus
1258 1511 1347 1564 nutem

251 1601 308 1665 hoe
331 1621 487 1665 commune
510 1610 577 1677 est,
603 1601 681 1684 qnod
709 1599 741 1665 iu
769 1601 844 1666 alias
871 1614 960 1688 atque
988 1603 1063 1668 alias
1093 1626 1145 1668 nes
1173 1601 1347 1667 accomodari

250 1713 377 1788 possunt
398 1723 495 1786 noque
516 1702 729 1788 intelliguntur
760 1704 819 1768 nisi
849 1727 890 1770 ex
912 1703 1071 1790 complexu
1097 1707 1268 1772 verborum.
1309 1703 1347 1766 lta

150 1870 161 1882 „
248 1797 386 1884 θιὶσιος,
409 1797 532 1890 σάμιος
554 1815 585 1867 et
607 1815 709 1870 oetena
729 1807 839 1891 topica,
863 1807 945 1872 nullo
967 1807 1036 1872 dum
1058 1804 1118 1872 alio
1141 1807 1232 1874 verbo
1247 1805 1345 1886 addito,

249 1919 284 1972 ut
305 1905 342 1971 ad
364 1905 514 1972 hominem
534 1909 701 1974 referamus
723 1905 787 1994 ipsa
809 1922 917 1976 natura
941 1911 987 1976 rei
1008 1912 1149 1974 admonet
1201 1903 1275 1995 edflsi
1290 1907 1345 1992 quis

249 2009 374 2074 velillo
396 2010 654 2089 neminemnam,
678 2011 729 2078 vel
753 2011 808 2076 hoo
833 2011 998 2097 placentam
1021 1931 1200 2098 significan!
1213 1994 1343 2086 vdnerit,

249 2133 322 2197 opus
351 2124 397 2176 est
421 2111 486 2177 aldis
519 2132 593 2198 quae
616 2114 721 2178 harum
752 2129 855 2180 rerum
879 2117 1092 2201 cogitationem
1114 2112 1266 2191 excitent,
1296 2107 1343 2174 hoo

250 2223 298 2278 est
312 2213 441 2292 bibendi,
466 2211 571 2280 edendi
593 2217 797 2302 similibusque
823 2219 937 2302 verbis,
961 2215 1219 2303 quenadmodum,
1242 2216 1267 2284 si
1284 2207 1345 2278 dioi-

249 2330 300 2383 tur
320 2305 450 2386 θιῖοιοιι
475 2323 595 2410 ἐγχεῖν.
623 2323 718 2388 ἔπιτε
731 2313 855 2399 moldo,
881 2317 1003 2390 δικάσω
1020 2358 1063 2374 -
1078 2325 1175 2390 ἰθεῖα
1187 2314 1251 2410 yolo
1263 2319 1345 2384 ἔσται
1425 2393 1426 2396 ,

248 2419 285 2485 ll.
308 2418 424 2486 XXlll.
450 2417 524 2486 580.
547 2423 592 2486 rei
614 2423 697 2487 notio
720 2445 761 2490 ox
782 2427 874 2490 verbo
896 2427 1024 2510 patescit
1043 2437 1076 2490 et
1098 2423 1228 2490 nominis
1245 2437 1342 2506 geuene

247 2525 455 2610 grammatico.
507 2525 660 2610 Ejusmodi
687 2538 787 2592 autem
815 2515 994 2592 admiodonlo
1023 2529 1176 2594 subtracto
1209 2519 1341 2609 adjectiva

248 2627 356 2692 localia
377 2650 439 2693 non
460 2629 559 2692 minus
582 2650 657 2712 vaga
679 2641 711 2692 ot
734 2627 888 2693 indefinita
908 2641 991 2706 suut,
1015 2650 1102 2714 quam
1126 2623 1274 2714 quaelibet
1290 2619 1341 2684 alia

249 2729 390 2814 epitheta,
412 2729 470 2793 nisi
498 2729 576 2814 quod
604 2730 637 2794 in
666 2731 842 2797 uuiversum
872 2731 982 2796 seimus
1011 2727 1144 2796 Graecos
1174 2727 1340 2806 Latinosque

247 2832 278 2896 id
300 2833 377 2916 quod
398 2831 522 2918 quisque
544 2831 628 2898 loeus
650 2821 794 2897 eximium
816 2831 917 2911 habet,
933 2824 969 2897 ab
985 2855 1021 2898 eo
1037 2833 1105 2900 looo
1120 2831 1269 2919 appellare
1282 2843 1342 2889 oon·

248 3174 340 3238 νειοῖο,
358 3173 520 3226 deridendum
544 3180 585 3226 ent
608 3168 740 3242 εὖτόιιοο,
765 3175 975 3241 quomadmodum
998 3173 1078 3226 Poeta
1101 3175 1132 3226 do
1159 3175 1224 3240 sign.
1243 3165 1302 3221 noel·
1318 3163 1339 3213 it

247 3260 327 3314 Anth.
346 3260 406 3312 Lat.
424 3261 454 3313 L.
475 3259 508 3312 V.
528 3260 575 3327 Ep.
595 3261 639 3314 to.
661 3261 942 3328 equomp'faroeptuaeo
957 3259 1166 3324 nominavimus,
1187 3249 1339 3327 quitando

249 3354 312 3398 eunt
335 3349 469 3410 collocati,
497 3355 524 3399 et
546 3343 668 3400 Manilius
686 3345 731 3400 IV.
745 3345 811 3412 ,744
837 3347 943 3416 lanugo
965 3351 993 3399 o'n
1016 3348 1102 3402 madio
1121 3350 1238 3400 eontinet
1262 3337 1340 3392 spaera
1425 3369 1426 3380 ο

247 3433 355 3486 mundo.
393 3433 454 3485 Pani
471 3433 577 3486 licentia
595 3433 712 3486 Oceanus
731 3435 794 3485 dens
812 3429 952 3505 olpo'p'dooo
968 3441 1087 3496 vocatur,
1107 3433 1197 3485 Tellus
1216 3429 1262 3480 deu
1276 3417 1338 3474 118⁰·

246 3520 305 3572 lone
321 3518 439 3590 μέλαινα
456 3527 483 3571 et
507 3519 534 3570 iu
552 3520 655 3571 oruonlo
680 3517 764 3570 Sohol.
784 3520 865 3572 Arist.
885 3520 968 3571 Rann.
989 3519 1064 3577 ¹256.
1084 3509 1271 3588 μελαμφαίίατ
1285 3501 1337 3557 diti·
1425 3485 1426 3576 4

248 3615 300 3658 tur.
334 3595 477 3658 'Contnunln
494 3608 595 3659 ratloue
613 3607 743 3674 epitheton
761 3622 777 3658 u
794 3619 904 3674 persona
922 3609 954 3658 ud
973 3617 1026 3658 nem
1044 3602 1205 3658 transfertur
1220 3588 1336 3651 annom.

248 3690 282 3745 V.
301 3693 373 3745 llom.
394 3710 417 3746 e.
436 3691 484 3745 IX.
512 3694 543 3746 οἳ
557 3683 684 3762 Σμύρνην
699 3689 834 3760 a’pmlmda
853 3690 950 3761 κούρην
966 3697 1069 3755 ναίετε,
1094 3700 1121 3744 nt
1134 3693 1197 3746 Eun.
1211 3683 1275 3740 Μαί.
1287 3671 1336 3730 83⁰·

247 3776 319 3832 ἔνθα
336 3773 407 3832 ποθ’
427 3774 513 3850 οἶγιιῖτ
528 3775 660 3848 Πιερίὸαε
677 3775 781 3848 λέγουσι
801 3774 909 3839 ξανθοῖο
927 3773 1077 3854 Ἁρμονίαν
1095 3774 1238 3850 φυτεῦσαι,
1266 3765 1291 3818 id
1307 3761 1339 3810 ⁰⁸⁸

248 3863 380 3932 μουαινιὶν
400 3865 456 3916 sivo
472 3861 603 3918 παιδείαν
618 3863 754 3919 ἐνοικίοαε.
790 3864 827 3915 De
846 3865 959 3930 epitheto
984 3863 1074 3933 ξανθή
1095 3867 1161 3934 qood
1184 3861 1246 3914 dicit
1267 3851 1337 3906 Elffll·

248 3945 332 4010 lejus‚
351 3949 475 4002 refellunt
493 3952 626 4017 superiora
644 3949 767 4018 exempla,
788 3949 818 4002 de
837 3949 930 4018 quibus
948 3953 1034 4003 dioeno
1051 3949 1114 4004 lioet
1127 3951 1193 4018 quod
1205 3936 1284 3999 Sahal.
1298 3933 1336 3985 ⁰t·

249 4031 308 4085 980.
327 4027 364 4087 τοτ’
380 4033 476 4104 φυσικοὶ
493 4039 551 4092 uolt
564 4039 697 4106 μοθιιεοῗτ
710 4041 903 4106 καταμίγααοιν
917 4031 1072 4110 Εὐριπίδης.
1110 4037 1145 4091 Et
1157 4039 1275 4106 quaenam
1288 4027 1336 4070 lot·
1425 4073 1426 4086 .

248 4119 305 4171 dom
322 4120 368 4172 illo
386 4120 524 4175 Hormonio
540 4125 607 4186 enit,
633 4139 698 4190 qnae
721 4124 823 4191 proprio
847 4131 968 4190 tanquam
992 4139 1101 4191 pomona
1124 4115 1245 4193 appollon
1266 4099 1336 4178 ll⁰⁵⁵it

248 4203 361 4269 ξανθίῖ
394 4207 487 4262 Montio
504 4217 575 4264 eante
591 4210 647 4264 utta
666 4210 698 4262 ub
714 4211 761 4262 noo
778 4211 834 4264 loon
850 4210 1017 4265 alienissimo.
