<?xml version="1.0" encoding="UTF-8"?>
<!DOCTYPE html PUBLIC "-//W3C//DTD XHTML 1.0 Transitional//EN"
    "http://www.w3.org/TR/xhtml1/DTD/xhtml1-transitional.dtd">
<html xmlns="http://www.w3.org/1999/xhtml" xml:lang="en" lang="en">
 <head>
  <title>
</title>
<meta http-equiv="Content-Type" content="text/html;charset=utf-8" />
  <meta name='ocr-system' content='tesseract 3.04.00' />
  <meta name='ocr-capabilities' content='ocr_page ocr_carea ocr_par ocr_line ocrx_word'/>
</head>
<body>
  <div class='ocr_page' id='page_1' title='image "./paralipomenagra00dindgoog_0255.png"; bbox 0 0 2926 4886; ppageno 0'>
   <div class='ocr_carea' id='block_1_1' title="bbox 218 325 968 405">
    <p class='ocr_par' dir='ltr' id='par_1_1' title="bbox 218 325 968 405">
     <span class='ocr_line' id='line_1_1' title="bbox 218 325 968 405; baseline 0.001 -13"><span class='ocrx_word' id='word_1_1' title='bbox 218 333 292 405; x_wconf 64' lang='lat' dir='ltr'>m</span> <span class='ocrx_word' id='word_1_2' title='bbox 385 383 388 390; x_wconf 74' lang='grc'><strong><em>,</em></strong></span> <span class='ocrx_word' id='word_1_3' title='bbox 463 347 466 355; x_wconf 80' lang='grc'><strong>’</strong></span> <span class='ocrx_word' id='word_1_4' title='bbox 541 325 968 394; x_wconf 70' lang='grc' dir='ltr'>’ΠΙὸὃΕλΤΑΤΙΟΙΙλ</span> 
     </span>
    </p>
   </div>
   <div class='ocr_carea' id='block_1_2' title="bbox 124 500 1335 2648">
    <p class='ocr_par' dir='ltr' id='par_1_2' title="bbox 124 500 1335 2648">
     <span class='ocr_line' id='line_1_2' title="bbox 124 500 1333 594; baseline -0.01 -10"><span class='ocrx_word' id='word_1_5' title='bbox 124 569 127 584; x_wconf 74' lang='grc'><strong><em>,</em></strong></span> <span class='ocrx_word' id='word_1_6' title='bbox 220 517 256 582; x_wconf 88' lang='lat' dir='ltr'>et&#39;</span> <span class='ocrx_word' id='word_1_7' title='bbox 273 511 414 581; x_wconf 80' lang='lat' dir='ltr'>similiter</span> <span class='ocrx_word' id='word_1_8' title='bbox 434 529 452 574; x_wconf 85' lang='lat' dir='ltr'>a</span> <span class='ocrx_word' id='word_1_9' title='bbox 473 500 624 594; x_wconf 80' lang='grc' dir='ltr'><strong><em>ιλααπλής</em></strong></span> <span class='ocrx_word' id='word_1_10' title='bbox 647 507 714 572; x_wconf 87' lang='lat' dir='ltr'>duci</span> <span class='ocrx_word' id='word_1_11' title='bbox 733 505 929 592; x_wconf 75' lang='grc' dir='ltr'><strong><em>δασπλῆτις.</em></strong></span> <span class='ocrx_word' id='word_1_12' title='bbox 974 505 1020 572; x_wconf 85' lang='lat' dir='ltr'>lle</span> <span class='ocrx_word' id='word_1_13' title='bbox 1041 505 1098 572; x_wconf 88' lang='lat' dir='ltr'>hoe</span> <span class='ocrx_word' id='word_1_14' title='bbox 1117 506 1333 573; x_wconf 66' lang='lat' dir='ltr'>absentissimo</span> 
     </span>
     <span class='ocr_line' id='line_1_3' title="bbox 219 601 1332 698; baseline -0.008 -15"><span class='ocrx_word' id='word_1_15' title='bbox 219 617 367 684; x_wconf 65' lang='lat' dir='ltr'>vastato</span> <span class='ocrx_word' id='word_1_16' title='bbox 389 624 420 678; x_wconf 89' lang='lat' dir='ltr'>et</span> <span class='ocrx_word' id='word_1_17' title='bbox 441 611 555 698; x_wconf 77' lang='lat' dir='ltr'>pariter</span> <span class='ocrx_word' id='word_1_18' title='bbox 576 609 749 694; x_wconf 83' lang='lat' dir='ltr'>temporetis</span> <span class='ocrx_word' id='word_1_19' title='bbox 770 601 941 697; x_wconf 78' lang='grc' dir='ltr'><strong><em>λιπερνής,</em></strong></span> <span class='ocrx_word' id='word_1_20' title='bbox 963 608 1168 697; x_wconf 77' lang='grc' dir='ltr'><strong><em>λιπιρνῆτις,</em></strong></span> <span class='ocrx_word' id='word_1_21' title='bbox 1191 611 1332 697; x_wconf 79' lang='lat' dir='ltr'>equidem</span> 
     </span>
     <span class='ocr_line' id='line_1_4' title="bbox 219 711 1334 808; baseline -0.006 -22"><span class='ocrx_word' id='word_1_22' title='bbox 219 718 422 808; x_wconf 82' lang='lat' dir='ltr'>pronunciare</span> <span class='ocrx_word' id='word_1_23' title='bbox 443 736 505 778; x_wconf 88' lang='lat' dir='ltr'>non</span> <span class='ocrx_word' id='word_1_24' title='bbox 527 713 650 777; x_wconf 80' lang='lat' dir='ltr'>audeam</span> <span class='ocrx_word' id='word_1_25' title='bbox 673 711 742 796; x_wconf 88' lang='lat' dir='ltr'>quid</span> <span class='ocrx_word' id='word_1_26' title='bbox 766 712 932 778; x_wconf 88' lang='lat' dir='ltr'>habendum</span> <span class='ocrx_word' id='word_1_27' title='bbox 954 713 1005 790; x_wconf 89' lang='lat' dir='ltr'>sit,</span> <span class='ocrx_word' id='word_1_28' title='bbox 1029 715 1082 778; x_wconf 84' lang='lat' dir='ltr'>sed</span> <span class='ocrx_word' id='word_1_29' title='bbox 1102 731 1334 796; x_wconf 83' lang='lat' dir='ltr'>moumsempct&#39;</span> 
     </span>
     <span class='ocr_line' id='line_1_5' title="bbox 216 813 1333 908; baseline -0.008 -20"><span class='ocrx_word' id='word_1_30' title='bbox 216 821 361 908; x_wconf 84' lang='lat' dir='ltr'>judicium</span> <span class='ocrx_word' id='word_1_31' title='bbox 383 819 452 894; x_wconf 85' lang='lat' dir='ltr'>luit,</span> <span class='ocrx_word' id='word_1_32' title='bbox 475 815 619 880; x_wconf 83' lang='lat' dir='ltr'>feminina</span> <span class='ocrx_word' id='word_1_33' title='bbox 640 813 815 900; x_wconf 82' lang='grc' dir='ltr'><strong><em>πλανῆτις,</em></strong></span> <span class='ocrx_word' id='word_1_34' title='bbox 836 813 1017 902; x_wconf 71' lang='grc' dir='ltr'><strong><em>γυμνῆτας,</em></strong></span> <span class='ocrx_word' id='word_1_35' title='bbox 1038 814 1211 904; x_wconf 72' lang='grc' dir='ltr'><strong><em>χερνῆτις,</em></strong></span> <span class='ocrx_word' id='word_1_36' title='bbox 1231 833 1333 880; x_wconf 87' lang='lat' dir='ltr'>none</span> 
     </span>
     <span class='ocr_line' id='line_1_6' title="bbox 220 910 1332 1038; baseline -0.006 -49"><span class='ocrx_word' id='word_1_37' title='bbox 220 923 376 1011; x_wconf 82' lang='lat' dir='ltr'>bisyllahis</span> <span class='ocrx_word' id='word_1_38' title='bbox 397 913 545 1004; x_wconf 82' lang='grc' dir='ltr'><strong><em>πλανής,</em></strong></span> <span class='ocrx_word' id='word_1_39' title='bbox 562 911 710 1006; x_wconf 72' lang='grc' dir='ltr'>ννμνής,</span> <span class='ocrx_word' id='word_1_40' title='bbox 732 910 862 1008; x_wconf 75' lang='grc' dir='ltr'>χερνής,</span> <span class='ocrx_word' id='word_1_41' title='bbox 885 917 1045 1038; x_wconf 75' lang='lat' dir='ltr'>proficisci,</span> <span class='ocrx_word' id='word_1_42' title='bbox 1061 918 1112 981; x_wconf 88' lang='lat' dir='ltr'>sed</span> <span class='ocrx_word' id='word_1_43' title='bbox 1129 917 1332 982; x_wconf 82' lang='lat' dir='ltr'>unanimibus</span> 
     </span>
     <span class='ocr_line' id='line_1_7' title="bbox 221 1012 1332 1114; baseline -0.009 -22"><span class='ocrx_word' id='word_1_44' title='bbox 221 1027 334 1114; x_wconf 83' lang='lat' dir='ltr'>primae</span> <span class='ocrx_word' id='word_1_45' title='bbox 358 1021 565 1088; x_wconf 69' lang='lat' dir='ltr'>declinationis</span> <span class='ocrx_word' id='word_1_46' title='bbox 580 1012 766 1106; x_wconf 77' lang='grc' dir='ltr'><strong><em>πλανήτης,</em></strong></span> <span class='ocrx_word' id='word_1_47' title='bbox 789 1019 977 1109; x_wconf 76' lang='grc' dir='ltr'>γνμνήτης,</span> <span class='ocrx_word' id='word_1_48' title='bbox 1000 1016 1172 1109; x_wconf 78' lang='grc' dir='ltr'><strong><em>χαρνητης,</em></strong></span> <span class='ocrx_word' id='word_1_49' title='bbox 1193 1030 1283 1104; x_wconf 85' lang='lat' dir='ltr'>atquc</span> <span class='ocrx_word' id='word_1_50' title='bbox 1294 1019 1332 1082; x_wconf 86' lang='lat' dir='ltr'>ad</span> 
     </span>
     <span class='ocr_line' id='line_1_8' title="bbox 221 1113 1333 1211; baseline -0.009 -17"><span class='ocrx_word' id='word_1_51' title='bbox 221 1131 299 1194; x_wconf 87' lang='lat' dir='ltr'>hanc</span> <span class='ocrx_word' id='word_1_52' title='bbox 320 1126 478 1192; x_wconf 79' lang='lat' dir='ltr'>formulam</span> <span class='ocrx_word' id='word_1_53' title='bbox 499 1120 701 1211; x_wconf 78' lang='grc' dir='ltr'><strong><em>νποβλῆτις,</em></strong></span> <span class='ocrx_word' id='word_1_54' title='bbox 727 1124 754 1187; x_wconf 92' lang='lat' dir='ltr'>si</span> <span class='ocrx_word' id='word_1_55' title='bbox 776 1123 929 1208; x_wconf 80' lang='lat' dir='ltr'>legeretur</span> <span class='ocrx_word' id='word_1_56' title='bbox 951 1123 1078 1199; x_wconf 84' lang='lat' dir='ltr'>alicubi,</span> <span class='ocrx_word' id='word_1_57' title='bbox 1101 1113 1247 1188; x_wconf 68' lang='lat' dir='ltr'>revocalc</span> <span class='ocrx_word' id='word_1_58' title='bbox 1269 1141 1333 1186; x_wconf 85' lang='lat' dir='ltr'>non</span> 
     </span>
     <span class='ocr_line' id='line_1_9' title="bbox 222 1220 1333 1314; baseline -0.007 -18"><span class='ocrx_word' id='word_1_59' title='bbox 222 1232 386 1296; x_wconf 72' lang='lat' dir='ltr'>dubitarem</span> <span class='ocrx_word' id='word_1_60' title='bbox 409 1237 443 1290; x_wconf 87' lang='lat' dir='ltr'>ut</span> <span class='ocrx_word' id='word_1_61' title='bbox 464 1226 660 1290; x_wconf 85' lang='lat' dir='ltr'>emasculino</span> <span class='ocrx_word' id='word_1_62' title='bbox 681 1220 879 1314; x_wconf 71' lang='grc' dir='ltr'>ν’ποβλήτης</span> <span class='ocrx_word' id='word_1_63' title='bbox 894 1225 1076 1290; x_wconf 84' lang='lat' dir='ltr'>declinatum</span> <span class='ocrx_word' id='word_1_64' title='bbox 1098 1227 1261 1309; x_wconf 85' lang='lat' dir='ltr'>eademque</span> <span class='ocrx_word' id='word_1_65' title='bbox 1279 1245 1333 1308; x_wconf 92' lang='lat' dir='ltr'>po·</span> 
     </span>
     <span class='ocr_line' id='line_1_10' title="bbox 223 1324 1334 1417; baseline -0.006 -18"><span class='ocrx_word' id='word_1_66' title='bbox 223 1341 510 1413; x_wconf 78' lang='lat' dir='ltr'>testate3=.ceterum</span> <span class='ocrx_word' id='word_1_67' title='bbox 532 1324 724 1417; x_wconf 72' lang='grc' dir='ltr'><strong><em>ὐποβλήτης</em></strong></span> <span class='ocrx_word' id='word_1_68' title='bbox 743 1350 805 1392; x_wconf 86' lang='lat' dir='ltr'>uon</span> <span class='ocrx_word' id='word_1_69' title='bbox 833 1328 929 1414; x_wconf 86' lang='lat' dir='ltr'>magis</span> <span class='ocrx_word' id='word_1_70' title='bbox 955 1328 1107 1413; x_wconf 80' lang='lat' dir='ltr'>reperitur</span> <span class='ocrx_word' id='word_1_71' title='bbox 1133 1324 1334 1412; x_wconf 66' lang='lat' dir='ltr'>quamacc-</span> 
     </span>
     <span class='ocr_line' id='line_1_11' title="bbox 134 1423 1334 1525; baseline -0.006 -22"><span class='ocrx_word' id='word_1_72' title='bbox 134 1452 137 1462; x_wconf 86' lang='lat'>&#39;</span> <span class='ocrx_word' id='word_1_73' title='bbox 221 1427 324 1525; x_wconf 79' lang='grc' dir='ltr'><strong><em>βλής,</em></strong></span> <span class='ocrx_word' id='word_1_74' title='bbox 353 1434 406 1497; x_wconf 90' lang='lat' dir='ltr'>sed</span> <span class='ocrx_word' id='word_1_75' title='bbox 435 1431 482 1496; x_wconf 90' lang='lat' dir='ltr'>his</span> <span class='ocrx_word' id='word_1_76' title='bbox 504 1430 613 1496; x_wconf 87' lang='lat' dir='ltr'>similia</span> <span class='ocrx_word' id='word_1_77' title='bbox 635 1433 776 1514; x_wconf 79' lang='lat' dir='ltr'><strong>quaedam</strong></span> <span class='ocrx_word' id='word_1_78' title='bbox 796 1423 1097 1521; x_wconf 59' lang='grc' dir='ltr'><strong><em>τειχεσιβλήτηςῐῖ)</em></strong></span> <span class='ocrx_word' id='word_1_79' title='bbox 1127 1440 1160 1496; x_wconf 90' lang='lat' dir='ltr'>et</span> <span class='ocrx_word' id='word_1_80' title='bbox 1180 1423 1334 1518; x_wconf 76' lang='grc' dir='ltr'><strong><em>ἐπιβλής,</em></strong></span> 
     </span>
     <span class='ocr_line' id='line_1_12' title="bbox 222 1527 1331 1625; baseline -0.006 -20"><span class='ocrx_word' id='word_1_81' title='bbox 222 1529 407 1625; x_wconf 77' lang='grc' dir='ltr'><strong><em>καταβλής,</em></strong></span> <span class='ocrx_word' id='word_1_82' title='bbox 430 1527 593 1621; x_wconf 78' lang='grc' dir='ltr'><strong><em>προβλής,</em></strong></span> <span class='ocrx_word' id='word_1_83' title='bbox 617 1531 782 1622; x_wconf 76' lang='grc' dir='ltr'>σνμβλής,</span> <span class='ocrx_word' id='word_1_84' title='bbox 804 1535 932 1618; x_wconf 87' lang='lat' dir='ltr'>primum</span> <span class='ocrx_word' id='word_1_85' title='bbox 949 1535 1067 1600; x_wconf 82' lang='lat' dir='ltr'>activae</span> <span class='ocrx_word' id='word_1_86' title='bbox 1088 1533 1331 1620; x_wconf 82' lang='lat' dir='ltr'>significationis,</span> 
     </span>
     <span class='ocr_line' id='line_1_13' title="bbox 224 1634 1334 1732; baseline -0.006 -26"><span class='ocrx_word' id='word_1_87' title='bbox 224 1651 326 1706; x_wconf 83' lang='lat' dir='ltr'>cctam</span> <span class='ocrx_word' id='word_1_88' title='bbox 345 1636 504 1722; x_wconf 76' lang='lat' dir='ltr'>passivae3</span> <span class='ocrx_word' id='word_1_89' title='bbox 528 1637 607 1702; x_wconf 90' lang='lat' dir='ltr'>uude</span> <span class='ocrx_word' id='word_1_90' title='bbox 628 1638 764 1722; x_wconf 84' lang='lat' dir='ltr'>seqnitur</span> <span class='ocrx_word' id='word_1_91' title='bbox 783 1634 978 1724; x_wconf 75' lang='grc' dir='ltr'><strong><em>ύποβλῆτιν</em></strong></span> <span class='ocrx_word' id='word_1_92' title='bbox 997 1637 1215 1732; x_wconf 63' lang='lat' dir='ltr'>pupposlriocm</span> <span class='ocrx_word' id='word_1_93' title='bbox 1233 1635 1334 1722; x_wconf 77' lang='lat' dir='ltr'>potitis</span> 
     </span>
     <span class='ocr_line' id='line_1_14' title="bbox 224 1737 1332 1828; baseline -0.007 -20"><span class='ocrx_word' id='word_1_94' title='bbox 224 1741 394 1827; x_wconf 78' lang='lat' dir='ltr'>siguificare</span> <span class='ocrx_word' id='word_1_95' title='bbox 416 1757 504 1822; x_wconf 64' lang='lat' dir='ltr'>mm</span> <span class='ocrx_word' id='word_1_96' title='bbox 527 1740 725 1822; x_wconf 78' lang='lat' dir='ltr'>suppositam,</span> <span class='ocrx_word' id='word_1_97' title='bbox 748 1750 783 1803; x_wconf 90' lang='lat' dir='ltr'>ut</span> <span class='ocrx_word' id='word_1_98' title='bbox 805 1739 1044 1828; x_wconf 75' lang='grc' dir='ltr'><strong><em>σιδηροβρῶτις</em></strong></span> <span class='ocrx_word' id='word_1_99' title='bbox 1069 1740 1102 1802; x_wconf 91' lang='lat' dir='ltr'>in</span> <span class='ocrx_word' id='word_1_100' title='bbox 1125 1738 1226 1802; x_wconf 90' lang='lat' dir='ltr'>Schol.</span> <span class='ocrx_word' id='word_1_101' title='bbox 1251 1737 1332 1802; x_wconf 82' lang='lat' dir='ltr'>Vcn.</span> 
     </span>
     <span class='ocr_line' id='line_1_15' title="bbox 223 1834 1333 1930; baseline -0.002 -22"><span class='ocrx_word' id='word_1_102' title='bbox 223 1843 262 1908; x_wconf 91' lang='lat' dir='ltr'>V.</span> <span class='ocrx_word' id='word_1_103' title='bbox 284 1841 358 1906; x_wconf 77' lang='lat'><strong>385.</strong></span> <span class='ocrx_word' id='word_1_104' title='bbox 375 1834 478 1928; x_wconf 79' lang='grc' dir='ltr'>Ἅρης</span> <span class='ocrx_word' id='word_1_105' title='bbox 504 1838 639 1928; x_wconf 73' lang='grc' dir='ltr'><em>φεύγων</em></span> <span class='ocrx_word' id='word_1_106' title='bbox 659 1845 707 1914; x_wconf 76' lang='grc' dir='ltr'>εἰς</span> <span class='ocrx_word' id='word_1_107' title='bbox 722 1837 846 1918; x_wconf 74' lang='grc' dir='ltr'><em>Νάξον</em></span> <span class='ocrx_word' id='word_1_108' title='bbox 865 1841 926 1929; x_wconf 78' lang='grc' dir='ltr'>ἧκα</span> <span class='ocrx_word' id='word_1_109' title='bbox 948 1841 1005 1908; x_wconf 79' lang='grc' dir='ltr'>καλ</span> <span class='ocrx_word' id='word_1_110' title='bbox 1025 1841 1236 1930; x_wconf 73' lang='grc' dir='ltr'><strong><em>κατέκρυψεν</em></strong></span> <span class='ocrx_word' id='word_1_111' title='bbox 1251 1845 1333 1906; x_wconf 79' lang='grc' dir='ltr'>ἑαν-</span> 
     </span>
     <span class='ocr_line' id='line_1_16' title="bbox 222 1941 1333 2032; baseline -0.007 -19"><span class='ocrx_word' id='word_1_112' title='bbox 222 1943 285 2013; x_wconf 83' lang='grc' dir='ltr'>τόν</span> <span class='ocrx_word' id='word_1_113' title='bbox 307 1947 355 2018; x_wconf 79' lang='grc' dir='ltr'>εἰς</span> <span class='ocrx_word' id='word_1_114' title='bbox 382 1943 447 2031; x_wconf 78' lang='grc' dir='ltr'>τήν</span> <span class='ocrx_word' id='word_1_115' title='bbox 476 1943 720 2032; x_wconf 69' lang='grc' dir='ltr'>σιδηροβρῶτιν</span> <span class='ocrx_word' id='word_1_116' title='bbox 745 1945 934 2032; x_wconf 77' lang='grc' dir='ltr'><em>λεγομένην</em></span> <span class='ocrx_word' id='word_1_117' title='bbox 961 1944 1110 2031; x_wconf 77' lang='grc' dir='ltr'><strong><em>πέτραν,</em></strong></span> <span class='ocrx_word' id='word_1_118' title='bbox 1139 1944 1192 2008; x_wconf 88' lang='lat' dir='ltr'>ubi</span> <span class='ocrx_word' id='word_1_119' title='bbox 1213 1943 1250 2007; x_wconf 85' lang='lat' dir='ltr'>ud</span> <span class='ocrx_word' id='word_1_120' title='bbox 1271 1941 1333 2006; x_wconf 87' lang='lat' dir='ltr'>Na·</span> 
     </span>
     <span class='ocr_line' id='line_1_17' title="bbox 223 2045 1334 2134; baseline -0.004 -20"><span class='ocrx_word' id='word_1_121' title='bbox 223 2071 288 2114; x_wconf 88' lang='lat' dir='ltr'>xou</span> <span class='ocrx_word' id='word_1_122' title='bbox 309 2047 438 2112; x_wconf 88' lang='lat' dir='ltr'>insulam</span> <span class='ocrx_word' id='word_1_123' title='bbox 459 2047 605 2111; x_wconf 86' lang='lat' dir='ltr'>translata</span> <span class='ocrx_word' id='word_1_124' title='bbox 627 2058 693 2122; x_wconf 87' lang='lat' dir='ltr'>est,</span> <span class='ocrx_word' id='word_1_125' title='bbox 716 2067 791 2130; x_wconf 83' lang='lat' dir='ltr'>quac</span> <span class='ocrx_word' id='word_1_126' title='bbox 815 2047 904 2134; x_wconf 83' lang='lat' dir='ltr'>vulgo</span> <span class='ocrx_word' id='word_1_127' title='bbox 926 2047 1014 2112; x_wconf 88' lang='lat' dir='ltr'>Naxo</span> <span class='ocrx_word' id='word_1_128' title='bbox 1038 2048 1177 2112; x_wconf 76' lang='lat' dir='ltr'>Creticae</span> <span class='ocrx_word' id='word_1_129' title='bbox 1199 2045 1334 2130; x_wconf 81' lang='lat' dir='ltr'>assigna·</span> 
     </span>
     <span class='ocr_line' id='line_1_18' title="bbox 225 2144 1331 2242; baseline -0.005 -25"><span class='ocrx_word' id='word_1_130' title='bbox 225 2163 288 2228; x_wconf 77' lang='lat' dir='ltr'>tus,</span> <span class='ocrx_word' id='word_1_131' title='bbox 321 2149 480 2234; x_wconf 79' lang='lat' dir='ltr'>lapicidina</span> <span class='ocrx_word' id='word_1_132' title='bbox 507 2144 632 2236; x_wconf 72' lang='grc' dir='ltr'>ἀκόνης</span> <span class='ocrx_word' id='word_1_133' title='bbox 654 2147 802 2225; x_wconf 78' lang='grc' dir='ltr'><strong><em>Ναξίας,</em></strong></span> <span class='ocrx_word' id='word_1_134' title='bbox 835 2161 870 2214; x_wconf 80' lang='grc' dir='ltr'>ιιι</span> <span class='ocrx_word' id='word_1_135' title='bbox 897 2151 1042 2242; x_wconf 75' lang='lat' dir='ltr'>l’iudarns</span> <span class='ocrx_word' id='word_1_136' title='bbox 1071 2149 1114 2214; x_wconf 89' lang='lat' dir='ltr'>ait</span> <span class='ocrx_word' id='word_1_137' title='bbox 1142 2148 1245 2214; x_wconf 89' lang='lat' dir='ltr'>lsthm.</span> <span class='ocrx_word' id='word_1_138' title='bbox 1277 2147 1331 2214; x_wconf 89' lang='lat' dir='ltr'>Vl.</span> 
     </span>
     <span class='ocr_line' id='line_1_19' title="bbox 226 2247 1335 2338; baseline -0.001 -19"><span class='ocrx_word' id='word_1_139' title='bbox 226 2247 307 2328; x_wconf 57' lang='lat' dir='ltr'>10ss</span> <span class='ocrx_word' id='word_1_140' title='bbox 340 2271 429 2336; x_wconf 84' lang='lat' dir='ltr'>quam</span> <span class='ocrx_word' id='word_1_141' title='bbox 456 2251 584 2316; x_wconf 69' lang='grc' dir='ltr'><strong><em>Νακίαω</em></strong></span> <span class='ocrx_word' id='word_1_142' title='bbox 620 2263 732 2317; x_wconf 86' lang='lat' dir='ltr'>vocant</span> <span class='ocrx_word' id='word_1_143' title='bbox 763 2253 873 2318; x_wconf 87' lang='lat' dir='ltr'>Latini.</span> <span class='ocrx_word' id='word_1_144' title='bbox 931 2253 1053 2316; x_wconf 78' lang='lat' dir='ltr'>Plotius</span> <span class='ocrx_word' id='word_1_145' title='bbox 1082 2247 1335 2338; x_wconf 71' lang='grc' dir='ltr'><strong><em>Ναξίανθοςῆ</em></strong></span> 
     </span>
     <span class='ocr_line' id='line_1_20' title="bbox 224 2347 1335 2444; baseline -0.005 -19"><span class='ocrx_word' id='word_1_146' title='bbox 224 2350 349 2443; x_wconf 83' lang='grc' dir='ltr'>αἷκόνη,</span> <span class='ocrx_word' id='word_1_147' title='bbox 378 2351 477 2429; x_wconf 81' lang='grc' dir='ltr'><strong><em>ναξία</em></strong></span> <span class='ocrx_word' id='word_1_148' title='bbox 497 2352 598 2430; x_wconf 76' lang='grc' dir='ltr'><strong><em>λίθος</em></strong></span> <span class='ocrx_word' id='word_1_149' title='bbox 627 2352 812 2443; x_wconf 78' lang='grc' dir='ltr'><strong><em>ἠκρητικῆ</em></strong></span> <span class='ocrx_word' id='word_1_150' title='bbox 830 2350 948 2442; x_wconf 83' lang='grc' dir='ltr'>αἷκόνη.</span> <span class='ocrx_word' id='word_1_151' title='bbox 1005 2347 1125 2432; x_wconf 72' lang='grc' dir='ltr'><strong><em>Νάξος</em></strong></span> <span class='ocrx_word' id='word_1_152' title='bbox 1146 2348 1210 2444; x_wconf 78' lang='lat' dir='ltr'>yclp</span> <span class='ocrx_word' id='word_1_153' title='bbox 1236 2349 1335 2430; x_wconf 82' lang='grc' dir='ltr'><strong><em>πόλις</em></strong></span> 
     </span>
     <span class='ocr_line' id='line_1_21' title="bbox 227 2455 1335 2546; baseline -0.003 -19"><span class='ocrx_word' id='word_1_154' title='bbox 227 2455 368 2546; x_wconf 81' lang='grc' dir='ltr'><strong><em>Κρήτης</em></strong></span> <span class='ocrx_word' id='word_1_155' title='bbox 393 2479 423 2522; x_wconf 85' lang='lat' dir='ltr'>v.</span> <span class='ocrx_word' id='word_1_156' title='bbox 446 2457 545 2521; x_wconf 88' lang='lat' dir='ltr'>Schol.</span> <span class='ocrx_word' id='word_1_157' title='bbox 575 2459 611 2522; x_wconf 85' lang='lat' dir='ltr'>ad</span> <span class='ocrx_word' id='word_1_158' title='bbox 633 2459 719 2523; x_wconf 91' lang='lat' dir='ltr'>Pind.</span> <span class='ocrx_word' id='word_1_159' title='bbox 749 2459 771 2523; x_wconf 88' lang='lat' dir='ltr'>l.</span> <span class='ocrx_word' id='word_1_160' title='bbox 801 2479 827 2522; x_wconf 88' lang='lat' dir='ltr'>o.</span> <span class='ocrx_word' id='word_1_161' title='bbox 851 2458 952 2543; x_wconf 87' lang='lat' dir='ltr'>Steph.</span> <span class='ocrx_word' id='word_1_162' title='bbox 976 2479 1002 2522; x_wconf 89' lang='lat' dir='ltr'>s.</span> <span class='ocrx_word' id='word_1_163' title='bbox 1025 2459 1056 2523; x_wconf 79' lang='lat' dir='ltr'>lt.</span> <span class='ocrx_word' id='word_1_164' title='bbox 1079 2479 1110 2523; x_wconf 86' lang='lat' dir='ltr'>v.</span> <span class='ocrx_word' id='word_1_165' title='bbox 1154 2459 1218 2523; x_wconf 85' lang='lat' dir='ltr'>lloc</span> <span class='ocrx_word' id='word_1_166' title='bbox 1239 2458 1335 2543; x_wconf 84' lang='lat' dir='ltr'>igitur</span> 
     </span>
     <span class='ocr_line' id='line_1_22' title="bbox 225 2555 1332 2648; baseline -0.002 -20"><span class='ocrx_word' id='word_1_167' title='bbox 225 2582 288 2628; x_wconf 91' lang='lat' dir='ltr'>non</span> <span class='ocrx_word' id='word_1_168' title='bbox 309 2564 346 2628; x_wconf 89' lang='lat' dir='ltr'>ad</span> <span class='ocrx_word' id='word_1_169' title='bbox 368 2555 574 2648; x_wconf 73' lang='lat' dir='ltr'>otdppopipcic</span> <span class='ocrx_word' id='word_1_170' title='bbox 592 2561 802 2640; x_wconf 77' lang='lat' dir='ltr'>referendum,</span> <span class='ocrx_word' id='word_1_171' title='bbox 826 2562 909 2647; x_wconf 74' lang='lat' dir='ltr'>&#39;quiod</span> <span class='ocrx_word' id='word_1_172' title='bbox 938 2562 1104 2626; x_wconf 87' lang='lat' dir='ltr'>communis</span> <span class='ocrx_word' id='word_1_173' title='bbox 1125 2572 1174 2625; x_wconf 86' lang='lat' dir='ltr'>cst</span> <span class='ocrx_word' id='word_1_174' title='bbox 1194 2561 1332 2647; x_wconf 67' lang='grc' dir='ltr'><strong><em>ραιιαιία,</em></strong></span> 
     </span>
    </p>
   </div>
   <div class='ocr_carea' id='block_1_3' title="bbox 126 2659 820 2936">
    <p class='ocr_par' dir='ltr' id='par_1_3' title="bbox 126 2659 820 2936">
     <span class='ocr_line' id='line_1_23' title="bbox 126 2659 611 2754; baseline -0.006 -22"><span class='ocrx_word' id='word_1_175' title='bbox 126 2733 131 2740; x_wconf 79' lang='grc'><strong><em>,</em></strong></span> <span class='ocrx_word' id='word_1_176' title='bbox 226 2667 279 2732; x_wconf 84' lang='lat' dir='ltr'>sed</span> <span class='ocrx_word' id='word_1_177' title='bbox 300 2665 337 2730; x_wconf 83' lang='lat' dir='ltr'>ad</span> <span class='ocrx_word' id='word_1_178' title='bbox 352 2659 611 2754; x_wconf 76' lang='grc' dir='ltr'><strong><em>σιδηροβρώτης.</em></strong></span> 
     </span>
     <span class='ocr_line' id='line_1_24' title="bbox 735 2850 820 2936; baseline 0.047 -20"><span class='ocrx_word' id='word_1_179' title='bbox 735 2853 765 2936; x_wconf 82' lang='lat'>§.</span> <span class='ocrx_word' id='word_1_180' title='bbox 788 2850 820 2920; x_wconf 85' lang='grc'>6.</span> 
     </span>
    </p>
   </div>
   <div class='ocr_carea' id='block_1_4' title="bbox 225 2956 1335 3160">
    <p class='ocr_par' dir='ltr' id='par_1_4' title="bbox 225 2956 1335 3160">
     <span class='ocr_line' id='line_1_25' title="bbox 287 2956 1334 3056; baseline -0.002 -20"><span class='ocrx_word' id='word_1_181' title='bbox 287 2969 449 3036; x_wconf 84' lang='lat' dir='ltr'>Nominum</span> <span class='ocrx_word' id='word_1_182' title='bbox 470 2969 503 3034; x_wconf 89' lang='lat' dir='ltr'>in</span> <span class='ocrx_word' id='word_1_183' title='bbox 522 2956 558 3044; x_wconf 70' lang='grc' dir='ltr'>ἰς</span> <span class='ocrx_word' id='word_1_184' title='bbox 576 2969 807 3056; x_wconf 76' lang='lat' dir='ltr'>compositorum</span> <span class='ocrx_word' id='word_1_185' title='bbox 827 2971 935 3056; x_wconf 81' lang='lat' dir='ltr'>iugens</span> <span class='ocrx_word' id='word_1_186' title='bbox 957 2981 1006 3034; x_wconf 85' lang='lat' dir='ltr'>est</span> <span class='ocrx_word' id='word_1_187' title='bbox 1026 2991 1170 3035; x_wconf 86' lang='lat' dir='ltr'>numerus</span> <span class='ocrx_word' id='word_1_188' title='bbox 1191 2971 1227 3036; x_wconf 82' lang='lat' dir='ltr'>ab</span> <span class='ocrx_word' id='word_1_189' title='bbox 1249 2970 1334 3040; x_wconf 86' lang='lat' dir='ltr'>omui</span> 
     </span>
     <span class='ocr_line' id='line_1_26' title="bbox 225 3072 1335 3160; baseline -0.002 -20"><span class='ocrx_word' id='word_1_190' title='bbox 225 3075 291 3140; x_wconf 82' lang='lat' dir='ltr'>lose</span> <span class='ocrx_word' id='word_1_191' title='bbox 312 3093 425 3160; x_wconf 81' lang='lat' dir='ltr'>genere</span> <span class='ocrx_word' id='word_1_192' title='bbox 446 3072 678 3148; x_wconf 79' lang='lat' dir='ltr'>uocabulorum,</span> <span class='ocrx_word' id='word_1_193' title='bbox 702 3075 755 3138; x_wconf 86' lang='lat' dir='ltr'>sed</span> <span class='ocrx_word' id='word_1_194' title='bbox 776 3075 812 3137; x_wconf 84' lang='lat' dir='ltr'>ab</span> <span class='ocrx_word' id='word_1_195' title='bbox 833 3073 901 3138; x_wconf 88' lang='lat' dir='ltr'>aliis</span> <span class='ocrx_word' id='word_1_196' title='bbox 922 3093 1033 3156; x_wconf 86' lang='lat' dir='ltr'>pauca,</span> <span class='ocrx_word' id='word_1_197' title='bbox 1057 3075 1094 3136; x_wconf 87' lang='lat' dir='ltr'>ab</span> <span class='ocrx_word' id='word_1_198' title='bbox 1114 3072 1183 3138; x_wconf 89' lang='lat' dir='ltr'>aliis</span> <span class='ocrx_word' id='word_1_199' title='bbox 1203 3073 1335 3158; x_wconf 87' lang='lat' dir='ltr'>plurima</span> 
     </span>
    </p>
   </div>
   <div class='ocr_carea' id='block_1_5' title="bbox 99 3175 1335 3262">
    <p class='ocr_par' dir='ltr' id='par_1_5' title="bbox 99 3175 1335 3262">
     <span class='ocr_line' id='line_1_27' title="bbox 99 3175 1335 3262; baseline -0.002 -19"><span class='ocrx_word' id='word_1_200' title='bbox 99 3240 106 3258; x_wconf 29' lang='grc' dir='ltr'><strong><em>ρ</em></strong></span> <span class='ocrx_word' id='word_1_201' title='bbox 162 3199 163 3203; x_wconf 70' lang='grc'>’</span> <span class='ocrx_word' id='word_1_202' title='bbox 226 3178 377 3243; x_wconf 75' lang='lat' dir='ltr'>odiuntur.</span> <span class='ocrx_word' id='word_1_203' title='bbox 413 3175 460 3240; x_wconf 79' lang='lat' dir='ltr'>Au</span> <span class='ocrx_word' id='word_1_204' title='bbox 481 3177 654 3262; x_wconf 82' lang='lat' dir='ltr'>adjectivis,</span> <span class='ocrx_word' id='word_1_205' title='bbox 677 3195 753 3260; x_wconf 85' lang='lat' dir='ltr'>qnae</span> <span class='ocrx_word' id='word_1_206' title='bbox 774 3175 838 3260; x_wconf 84' lang='lat' dir='ltr'>ipsa</span> <span class='ocrx_word' id='word_1_207' title='bbox 859 3195 982 3260; x_wconf 77' lang='lat' dir='ltr'>perrara</span> <span class='ocrx_word' id='word_1_208' title='bbox 1003 3185 1091 3252; x_wconf 88' lang='lat' dir='ltr'>suut,</span> <span class='ocrx_word' id='word_1_209' title='bbox 1116 3175 1191 3240; x_wconf 78' lang='lat' dir='ltr'>nihil</span> <span class='ocrx_word' id='word_1_210' title='bbox 1213 3187 1335 3241; x_wconf 70' lang='lat' dir='ltr'>emaum</span> 
     </span>
    </p>
   </div>
   <div class='ocr_carea' id='block_1_6' title="bbox 225 3269 1334 3472">
    <p class='ocr_par' dir='ltr' id='par_1_6' title="bbox 225 3269 1334 3472">
     <span class='ocr_line' id='line_1_28' title="bbox 225 3269 1334 3366; baseline 0.001 -23"><span class='ocrx_word' id='word_1_211' title='bbox 225 3289 347 3366; x_wconf 83' lang='lat' dir='ltr'>practer</span> <span class='ocrx_word' id='word_1_212' title='bbox 370 3272 479 3365; x_wconf 71' lang='grc' dir='ltr'><strong><em>ἅὶιλρις</em></strong></span> <span class='ocrx_word' id='word_1_213' title='bbox 503 3289 535 3342; x_wconf 88' lang='lat' dir='ltr'>ct</span> <span class='ocrx_word' id='word_1_214' title='bbox 557 3271 749 3365; x_wconf 72' lang='grc' dir='ltr'><strong><em>πολύϊδρις,</em></strong></span> <span class='ocrx_word' id='word_1_215' title='bbox 779 3278 838 3342; x_wconf 90' lang='lat' dir='ltr'>nisi</span> <span class='ocrx_word' id='word_1_216' title='bbox 863 3269 1052 3364; x_wconf 79' lang='grc' dir='ltr'>ιῖνδρόσινις</span> <span class='ocrx_word' id='word_1_217' title='bbox 1077 3277 1194 3362; x_wconf 76' lang='lat' dir='ltr'>quoque</span> <span class='ocrx_word' id='word_1_218' title='bbox 1219 3289 1251 3342; x_wconf 88' lang='lat' dir='ltr'>ct</span> <span class='ocrx_word' id='word_1_219' title='bbox 1272 3278 1334 3346; x_wconf 80' lang='grc' dir='ltr'>λο-</span> 
     </span>
     <span class='ocr_line' id='line_1_29' title="bbox 226 3374 1334 3472; baseline -0.002 -24"><span class='ocrx_word' id='word_1_220' title='bbox 226 3377 374 3472; x_wconf 76' lang='grc' dir='ltr'><strong><em>ξότροχις</em></strong></span> <span class='ocrx_word' id='word_1_221' title='bbox 396 3382 472 3466; x_wconf 83' lang='lat' dir='ltr'>(nou</span> <span class='ocrx_word' id='word_1_222' title='bbox 493 3374 693 3471; x_wconf 80' lang='grc' dir='ltr'><strong><em>λοξοτρόχις)</em></strong></span> <span class='ocrx_word' id='word_1_223' title='bbox 714 3391 746 3444; x_wconf 89' lang='lat' dir='ltr'>ct</span> <span class='ocrx_word' id='word_1_224' title='bbox 765 3375 961 3470; x_wconf 78' lang='grc' dir='ltr'><strong><em>ὄνόγαατρις</em></strong></span> <span class='ocrx_word' id='word_1_225' title='bbox 982 3380 1051 3444; x_wconf 88' lang='lat' dir='ltr'>hnic</span> <span class='ocrx_word' id='word_1_226' title='bbox 1072 3401 1198 3444; x_wconf 80' lang='lat' dir='ltr'>numero</span> <span class='ocrx_word' id='word_1_227' title='bbox 1218 3381 1334 3446; x_wconf 80' lang='lat' dir='ltr'>adscri-</span> 
     </span>
    </p>
   </div>
   <div class='ocr_carea' id='block_1_7' title="bbox 223 3477 1336 3677">
    <p class='ocr_par' dir='ltr' id='par_1_7' title="bbox 223 3477 1336 3677">
     <span class='ocr_line' id='line_1_30' title="bbox 223 3477 1336 3575; baseline 0 -26"><span class='ocrx_word' id='word_1_228' title='bbox 223 3485 296 3549; x_wconf 82' lang='lat' dir='ltr'>ltcre</span> <span class='ocrx_word' id='word_1_229' title='bbox 318 3485 409 3562; x_wconf 71' lang='lat' dir='ltr'>libate</span> <span class='ocrx_word' id='word_1_230' title='bbox 442 3481 520 3570; x_wconf 81' lang='grc' dir='ltr'>νῆϊς</span> <span class='ocrx_word' id='word_1_231' title='bbox 541 3495 640 3550; x_wconf 86' lang='lat' dir='ltr'>autem</span> <span class='ocrx_word' id='word_1_232' title='bbox 668 3483 796 3568; x_wconf 81' lang='lat' dir='ltr'>simplex</span> <span class='ocrx_word' id='word_1_233' title='bbox 820 3477 971 3575; x_wconf 74' lang='grc' dir='ltr'><em>ἅρῥητον</em></span> <span class='ocrx_word' id='word_1_234' title='bbox 995 3483 1083 3548; x_wconf 83' lang='lat' dir='ltr'>hahet</span> <span class='ocrx_word' id='word_1_235' title='bbox 1107 3493 1142 3547; x_wconf 88' lang='lat' dir='ltr'>ut</span> <span class='ocrx_word' id='word_1_236' title='bbox 1161 3485 1336 3571; x_wconf 72' lang='grc' dir='ltr'><strong><em>βορβορο-</em></strong></span> 
     </span>
     <span class='ocr_line' id='line_1_31' title="bbox 223 3578 1331 3677; baseline -0.003 -22"><span class='ocrx_word' id='word_1_237' title='bbox 223 3585 377 3677; x_wconf 77' lang='grc' dir='ltr'><strong><em>τάραξις,</em></strong></span> <span class='ocrx_word' id='word_1_238' title='bbox 399 3581 615 3668; x_wconf 73' lang='grc' dir='ltr'><strong><em>ὠτοκάταξις,</em></strong></span> <span class='ocrx_word' id='word_1_239' title='bbox 642 3605 683 3652; x_wconf 72' lang='grc' dir='ltr'>κ.</span> <span class='ocrx_word' id='word_1_240' title='bbox 698 3587 735 3650; x_wconf 86' lang='lat' dir='ltr'>ad</span> <span class='ocrx_word' id='word_1_241' title='bbox 755 3587 869 3674; x_wconf 88' lang='lat' dir='ltr'>leyu.</span> <span class='ocrx_word' id='word_1_242' title='bbox 897 3607 928 3671; x_wconf 87' lang='lat' dir='ltr'>p.</span> <span class='ocrx_word' id='word_1_243' title='bbox 942 3583 1017 3652; x_wconf 81' lang='lat'><strong>628.</strong></span> <span class='ocrx_word' id='word_1_244' title='bbox 1040 3578 1331 3674; x_wconf 59' lang='lat' dir='ltr'>ndppamcaffi).</span> 
     </span>
    </p>
   </div>
   <div class='ocr_carea' id='block_1_8' title="bbox 224 3760 436 3773">
    <p class='ocr_par' dir='ltr' id='par_1_8' title="bbox 224 3760 436 3773">
     <span class='ocr_line' id='line_1_32' title="bbox 224 3760 436 3773; baseline -0.005 0"><span class='ocrx_word' id='word_1_245' title='bbox 224 3760 436 3773; x_wconf 55' lang='lat' dir='ltr'>*nu—-</span> 
     </span>
    </p>
   </div>
   <div class='ocr_carea' id='block_1_9' title="bbox 224 3832 1335 4086">
    <p class='ocr_par' dir='ltr' id='par_1_9' title="bbox 224 3832 1335 4086">
     <span class='ocr_line' id='line_1_33' title="bbox 294 3832 1335 3917; baseline -0.005 -17"><span class='ocrx_word' id='word_1_246' title='bbox 294 3847 339 3912; x_wconf 78' lang='lat'>15)</span> <span class='ocrx_word' id='word_1_247' title='bbox 356 3847 501 3917; x_wconf 86' lang='lat' dir='ltr'>Hesychius</span> <span class='ocrx_word' id='word_1_248' title='bbox 517 3839 692 3914; x_wconf 73' lang='grc' dir='ltr'><strong><em>Ἐπιβλῆτηκ,</em></strong></span> <span class='ocrx_word' id='word_1_249' title='bbox 708 3832 795 3908; x_wconf 70' lang='lat' dir='ltr'>dentis,</span> <span class='ocrx_word' id='word_1_250' title='bbox 815 3843 859 3894; x_wconf 87' lang='lat' dir='ltr'>scd</span> <span class='ocrx_word' id='word_1_251' title='bbox 873 3841 935 3909; x_wconf 87' lang='lat' dir='ltr'>jure</span> <span class='ocrx_word' id='word_1_252' title='bbox 953 3843 1098 3895; x_wconf 75' lang='lat' dir='ltr'>dubitatur.</span> <span class='ocrx_word' id='word_1_253' title='bbox 1133 3834 1292 3914; x_wconf 76' lang='grc' dir='ltr'>Δαςπλῆτηι</span> <span class='ocrx_word' id='word_1_254' title='bbox 1306 3855 1335 3898; x_wconf 83' lang='lat' dir='ltr'>et</span> 
     </span>
     <span class='ocr_line' id='line_1_34' title="bbox 224 3927 1331 4002; baseline 0 -18"><span class='ocrx_word' id='word_1_255' title='bbox 224 3927 426 4002; x_wconf 73' lang='grc' dir='ltr'><strong><em>τινχετιπλήτης</em></strong></span> <span class='ocrx_word' id='word_1_256' title='bbox 440 3933 542 3985; x_wconf 87' lang='lat' dir='ltr'>easdem</span> <span class='ocrx_word' id='word_1_257' title='bbox 559 3931 661 3983; x_wconf 81' lang='lat' dir='ltr'>radices</span> <span class='ocrx_word' id='word_1_258' title='bbox 679 3930 775 3982; x_wconf 87' lang='lat' dir='ltr'>hebere</span> <span class='ocrx_word' id='word_1_259' title='bbox 791 3927 1121 3982; x_wconf 77' lang='lat' dir='ltr'>assaveruntGrammntici</span> <span class='ocrx_word' id='word_1_260' title='bbox 1131 3932 1229 3984; x_wconf 82' lang='lat' dir='ltr'>Auccd.</span> <span class='ocrx_word' id='word_1_261' title='bbox 1242 3931 1331 3984; x_wconf 75' lang='lat' dir='ltr'>(Iram.</span> 
     </span>
     <span class='ocr_line' id='line_1_35' title="bbox 225 4014 678 4086; baseline 0 -18"><span class='ocrx_word' id='word_1_262' title='bbox 225 4014 247 4068; x_wconf 90' lang='lat'>1.</span> <span class='ocrx_word' id='word_1_263' title='bbox 268 4017 327 4068; x_wconf 83' lang='lat' dir='ltr'>llll.</span> <span class='ocrx_word' id='word_1_264' title='bbox 344 4018 389 4070; x_wconf 83' lang='lat' dir='ltr'>sed</span> <span class='ocrx_word' id='word_1_265' title='bbox 406 4034 496 4086; x_wconf 77' lang='lat' dir='ltr'>panum</span> <span class='ocrx_word' id='word_1_266' title='bbox 513 4018 678 4086; x_wconf 76' lang='lat' dir='ltr'>persuadent.</span> 
     </span>
    </p>
   </div>
   <div class='ocr_carea' id='block_1_10' title="bbox 225 4116 1335 4278">
    <p class='ocr_par' dir='ltr' id='par_1_10' title="bbox 225 4116 1335 4278">
     <span class='ocr_line' id='line_1_36' title="bbox 281 4116 1335 4194; baseline 0.002 -23"><span class='ocrx_word' id='word_1_267' title='bbox 281 4117 341 4182; x_wconf 71' lang='lat' dir='ltr'>ld)</span> <span class='ocrx_word' id='word_1_268' title='bbox 362 4119 415 4172; x_wconf 89' lang='lat' dir='ltr'>lloe</span> <span class='ocrx_word' id='word_1_269' title='bbox 431 4129 459 4174; x_wconf 84' lang='lat' dir='ltr'>ot</span> <span class='ocrx_word' id='word_1_270' title='bbox 475 4116 664 4194; x_wconf 75' lang='grc' dir='ltr'>φθερσιγανήσ,</span> <span class='ocrx_word' id='word_1_271' title='bbox 685 4119 919 4190; x_wconf 72' lang='grc' dir='ltr'><strong><em>φθερσίμβροτοα,</em></strong></span> <span class='ocrx_word' id='word_1_272' title='bbox 944 4135 994 4170; x_wconf 88' lang='lat' dir='ltr'>non</span> <span class='ocrx_word' id='word_1_273' title='bbox 1012 4119 1150 4172; x_wconf 82' lang='lat' dir='ltr'>abeodem</span> <span class='ocrx_word' id='word_1_274' title='bbox 1166 4120 1240 4173; x_wconf 84' lang='lat' dir='ltr'>verbi</span> <span class='ocrx_word' id='word_1_275' title='bbox 1258 4122 1335 4173; x_wconf 86' lang='lat' dir='ltr'>incli-</span> 
     </span>
     <span class='ocr_line' id='line_1_37' title="bbox 225 4197 1332 4278; baseline 0.001 -20"><span class='ocrx_word' id='word_1_276' title='bbox 225 4211 344 4258; x_wconf 77' lang='lat' dir='ltr'>namenta</span> <span class='ocrx_word' id='word_1_277' title='bbox 361 4207 428 4259; x_wconf 87' lang='lat' dir='ltr'>unde</span> <span class='ocrx_word' id='word_1_278' title='bbox 443 4197 552 4278; x_wconf 68' lang='lat' dir='ltr'>deipsis,</span> <span class='ocrx_word' id='word_1_279' title='bbox 569 4203 678 4278; x_wconf 71' lang='grc' dir='ltr'><strong><em>κάρτα,</em></strong></span> <span class='ocrx_word' id='word_1_280' title='bbox 694 4205 815 4259; x_wconf 74' lang='lat' dir='ltr'>derivata</span> <span class='ocrx_word' id='word_1_281' title='bbox 829 4219 887 4258; x_wconf 84' lang='lat' dir='ltr'>asse</span> <span class='ocrx_word' id='word_1_282' title='bbox 902 4205 997 4258; x_wconf 90' lang='lat' dir='ltr'>iudicio</span> <span class='ocrx_word' id='word_1_283' title='bbox 1011 4213 1053 4260; x_wconf 87' lang='lat' dir='ltr'>est</span> <span class='ocrx_word' id='word_1_284' title='bbox 1066 4205 1208 4261; x_wconf 80' lang='lat' dir='ltr'>diversitas</span> <span class='ocrx_word' id='word_1_285' title='bbox 1222 4209 1332 4262; x_wconf 76' lang='lat' dir='ltr'>voculis.</span> 
     </span>
    </p>
   </div>
   <div class='ocr_carea' id='block_1_11' title="bbox 0 0 1475 4886">
    <p class='ocr_par' dir='ltr' id='par_1_11' title="bbox 0 0 1475 4886">
     <span class='ocr_line' id='line_1_38' title="bbox 0 0 1475 4886; baseline 0 0"><span class='ocrx_word' id='word_1_286' title='bbox 0 0 1475 4886; x_wconf 95' lang='lat' dir='ltr'> </span> 
     </span>
    </p>
   </div>
  </div>
 </body>
</html>
