2944 4888
353 343 412 411 uc
440 341 637 411 eunuco.
666 337 868 410 coruos.
899 341 984 427 aa.
1179 339 1227 408 cc

110 525 207 601 loeis,
239 522 370 609 primum
397 521 424 588 si
452 533 500 588 est
523 521 658 610 sylla'bae
675 517 849 607 principalis
876 530 909 586 et
935 519 1112 586 thematicae
1138 515 1229 588 litera

111 629 209 714 prima
233 625 355 712 ἐτέθη,
376 617 502 711 ἐτύθη,
532 645 608 710 quae
624 624 696 690 sola
715 633 788 689 sunt
809 624 900 688 verba
920 643 939 687 a
960 623 1044 688 theta
1068 643 1229 709 progressa

111 729 282 814 aoristiquc
310 728 447 812 capacia3
485 727 617 792 secundo
645 727 676 790 iu
703 725 938 810 reduplicatioue
964 723 1106 812 τίθημι,
1137 726 1229 791 tertio
1264 733 1266 738 ’

110 832 143 895 in
169 829 385 894 terminatione
407 828 576 914 imperativi
598 828 758 914 syllabica,
784 827 843 890 uiri
864 826 1046 914 synaloephe
1068 827 1231 894 intercedit

114 926 262 1017 σώθηθ’
285 932 360 995 Eur.
386 931 439 995 Or.
466 931 560 996 1345.
612 929 668 994 cui
698 939 730 992 et
758 927 809 1014 phi
837 930 950 1014 pariter
977 929 1169 1014 geminantur
1196 931 1230 995 iu

115 1034 293 1119 compositis
315 1030 510 1123 α’ρχέχσρος,
532 1025 745 1122 παχύχσιλσς,
766 1022 984 1119 πολφοφέκη,
1007 1031 1230 1121 στσῳηφέρσς,

115 1129 236 1226 έφσφή
263 1159 296 1200 v.
319 1135 475 1200 Muctzell.
500 1137 536 1200 de
557 1136 672 1228 Theog.
696 1157 725 1220 p.
751 1133 825 1200 103.
840 1139 888 1216 ⁴⁷)
917 1147 1071 1200 mutantur
1096 1157 1172 1200 vero
1197 1135 1231 1201 ia

115 1238 326 1324 reduplicatis,
348 1237 508 1328 κέχυμαι,
529 1230 683 1328 αἰιαχέζιιι,
705 1236 897 1324 cedmonaei,
919 1234 1112 1324 πιφαύσκω,
1133 1263 1233 1326 παμ-

116 1340 246 1430 φαίνω,
271 1351 392 1424 praeter
413 1360 489 1423 quae
511 1339 593 1404 nulla
615 1339 780 1404 mutatione
802 1359 889 1424 opus,
912 1339 981 1424 quia
1001 1343 1092 1405 verba
1115 1362 1177 1428 ap
1200 1351 1233 1406 et

117 1471 137 1536 χ
157 1447 250 1508 ducta
273 1463 334 1506 uon
355 1441 508 1526 recipiunt
527 1443 755 1506 terminationes
776 1443 813 1506 ab
825 1441 939 1539 iisdem
961 1441 1057 1506 literis
1079 1442 1232 1508 ordientes

122 1541 286 1635 (ὥρύχην,
309 1538 474 1630 έκρύφην)
497 1565 595 1628 neque
615 1544 735 1608 nomina
756 1543 788 1608 in
809 1567 868 1631 φη,
888 1531 967 1631 (poc,
991 1544 1135 1610 exeuntia
1155 1545 1233 1608 asci-

121 1659 214 1715 scunt
242 1646 385 1712 suffixam
413 1670 462 1733 φι.
512 1647 664 1712 Hactenus
694 1648 730 1712 de
759 1647 914 1732 adspiratio
944 1647 1076 1732 ejusdem
1105 1647 1231 1711 ordinis.

122 1752 208 1833 Quae
230 1770 309 1812 vero
329 1758 400 1812 suut
421 1748 542 1833 generis
565 1749 689 1826 diversi,
712 1749 745 1813 in
763 1749 922 1833 primitivis
942 1769 1091 1834 uunquam
1113 1771 1146 1814 se
1165 1750 1235 1814 sub·

121 1859 312 1936 sequuntur,
336 1851 407 1933 quin
429 1851 576 1916 alterutra
597 1861 747 1927 mutetur,
773 1843 890 1940 χιτών,
911 1844 1030 1941 ταχύς,
1051 1845 1177 1939 τάφος,
1199 1871 1235 1916 ac

122 1978 162 2022 ne
191 1955 225 2018 in
247 1953 380 2016 motione
407 1953 524 2036 quidem
550 1953 633 2016 theta
660 1953 811 2037 reperitur
834 1963 904 2018 ante
929 1955 1018 2018 aliam
1042 1955 1234 2038 adspiratam,
1313 2005 1320 2034 ,

120 2059 176 2124 sed
199 2055 311 2119 dicitur
332 2057 499 2141 ταφῆναι,
521 2054 688 2142 ταφῆναι,
718 2077 774 2120 uec
796 2057 915 2122 dubium
941 2057 1013 2140 quin
1037 2056 1122 2121 verbi
1144 2055 1236 2142 prisci

121 2153 205 2228 θέω
232 2158 260 2222 si
283 2157 317 2220 iu
339 2177 396 2220 usu
421 2168 502 2222 esset
525 2158 656 2222 aoristus
677 2158 833 2244 passivus,
864 2159 892 2224 is
913 2159 1068 2246 σαθῆναι
1089 2159 1236 2224 scrihere·

124 2275 188 2328 tur.
238 2259 296 2323 Sed
317 2258 367 2344 pti
388 2270 421 2324 et
442 2259 489 2324 chi
510 2262 659 2345 patienter
679 2261 783 2326 ferunt
803 2261 987 2346 subsequens
1010 2262 1109 2340 theta,
1133 2256 1236 2349 φάθι,

123 2364 247 2454 έχέθη,
273 2353 466 2450 έβραχήθη,
490 2383 592 2446 neque
614 2363 676 2427 ulla
700 2363 732 2428 in
752 2366 897 2450 junctura
917 2367 1130 2429 vocabulorum
1155 2363 1238 2428 aohi-

122 2469 215 2532 betur
233 2464 345 2540 cautio,
366 2485 404 2548 ne
423 2466 497 2528 duae
516 2465 743 2550 compingantur
762 2466 929 2551 adspiratae
947 2467 1114 2551 dispariles,
1137 2467 1239 2534 λιθο-

126 2561 245 2657 φόρος,
267 2559 496 2656 πληθόχσρσς,
513 2563 692 2653 (lapidem,
712 2563 928 2657 decerpendo,
946 2569 1125 2658 ἐχέθυμος,
1143 2563 1240 2658 clypc-

126 2664 254 2760 φανής.
292 2668 390 2732 Venio
412 2671 448 2732 ad
471 2671 672 2753 complicatas.
716 2669 751 2733 ln
773 2671 878 2756 quibus
901 2671 975 2734 nihil
996 2671 1076 2736 aliud
1098 2672 1240 2735 observa·

127 2787 191 2850 tur,
218 2793 305 2858 quam
324 2771 401 2853 quod
422 2772 459 2834 ad
476 2771 742 2855 reduplicationem
759 2773 902 2858 pertinet,
923 2765 1088 2862 κιχρασαι,
1110 2763 1241 2862 nunpti-
1307 2847 1313 2864 ,
1383 2751 1388 2763 Ι

128 2901 200 2945 σαι.
233 2873 394 2958 Ceteroqui
413 2873 579 2956 adspiratae
598 2875 740 2966 cujusque
760 2874 838 2938 modi
857 2875 1026 2940 continuari
1044 2885 1181 2962 possunt,
1200 2875 1240 2952 si,

130 3000 208 3065 quae
231 2977 390 3041 secundam
412 2975 526 3045 obtinet
548 2967 705 3062 syllabam,
729 2978 870 3042 subtexta
892 2989 939 3042 est
960 2977 1150 3054 consonanti,
1174 2969 1244 3065 φιῖ-

131 3089 231 3150 σθαι,
255 3077 397 3153 θέσθαι,
421 3081 570 3167 ἔχεσθαι,
593 3079 791 3168 θωχθῇααι,
809 3081 1030 3167 θαλφθῆναι,
1050 3079 1244 3170 θελχθῆναι

131 3195 195 3248 σισ.
210 3184 259 3265 ⁴⁸)
295 3178 372 3244 llinc
393 3180 571 3266 perspicitur
591 3181 736 3267 primum,
760 3203 815 3249 our
835 3182 995 3272 ἐθρέφθη
1016 3183 1191 3248 admittatur
1211 3191 1244 3246 et

134 3352 352 3370 Μ

203 3456 251 3524 47)
273 3450 420 3524 Ἐκιχιιρέα
438 3457 483 3524 qni
502 3455 533 3508 ab
551 3453 615 3511 έκέι
631 3459 796 3535 compositum
813 3475 870 3514 esse
887 3467 1037 3512 statuerunt
1053 3476 1080 3512 v.
1101 3457 1241 3524 Goettting.

133 3545 169 3596 ad
189 3543 317 3596 Theodec.
337 3557 362 3608 p.
382 3543 442 3598 ata.
462 3543 531 3594 haud
549 3543 626 3594 dubie
644 3543 747 3596 lucilius
765 3547 884 3613 spiritum
902 3561 1036 3612 asperum,
1055 3553 1086 3596 ut
1103 3561 1193 3611 saepe,
1218 3545 1245 3596 in

132 3631 220 3682 leuem
237 3627 354 3678 converti
370 3641 453 3693 posse,
473 3643 548 3694 quam
565 3629 721 3696 adspiratum
738 3633 793 3682 sine
809 3633 901 3683 idonea
917 3632 1017 3683 ratione
1032 3632 1058 3682 in
1073 3638 1175 3682 tenuem
1191 3646 1246 3680 mn-

136 3715 191 3768 turi
211 3713 334 3764 arbitrati
353 3720 422 3764 suut.
459 3713 526 3764 Idem
546 3722 632 3766 tamen
651 3715 681 3768 llt
700 3717 726 3768 in
744 3711 853 3787 ἐπαφῆ,
875 3714 1082 3790 ἐξυπαφθῆιαι,
1108 3724 1138 3767 ut
1155 3715 1246 3768 Villoi·

136 3815 216 3854 sonuu
240 3799 323 3852 edidit
344 3797 429 3850 Schol.
450 3798 480 3849 11.
506 3803 537 3850 Ψ.
558 3800 617 3855 tol.
640 3801 773 3854 Bellienus
793 3803 829 3869 (v.
852 3802 924 3867 168.)
946 3797 1105 3872 ι’ξαφθῆιαι
1125 3809 1153 3853 et
1169 3797 1247 3854 έπιι-

135 3889 236 3954 picum,
255 3884 279 3934 si
298 3891 328 3934 ut
343 3884 481 3936 Eustathio
499 3885 585 3950 placet
601 3899 626 3952 p.
642 3884 707 3947 756,
725 3888 750 3939 8.
771 3903 804 3939 ex
821 3880 902 3942 ἅπτω
920 3888 1085 3955 compositum
1102 3896 1151 3940 est.
1183 3887 1248 3938 Cum

134 3962 230 4041 έπαφὴ
250 3977 278 4022 et
295 3961 383 4039 ἐφιφῆ
402 3969 514 4022 conferri
532 3979 639 4037 possunt
656 3965 787 4040 έμπέχιιν
804 3980 832 4024 et
849 3969 991 4038 α’μφέχιιι.

206 4055 255 4120 tt)
279 4052 425 4122 Θιχθῆναι
443 4049 515 4112 Sext.
536 4071 559 4108 c.
580 4054 667 4110 Geom.
688 4059 719 4120 8,
739 4058 798 4114 325.
822 4074 846 4110 σ.
865 4057 944 4128 Phys.
964 4057 983 4110 l.
1005 4056 1063 4112 ddi.
1091 4051 1250 4126 θέιφθῆναι
1291 4083 1293 4088 v

134 4141 191 4196 llic.
209 4142 292 4194 Ther.
311 4140 373 4194 403.
393 4139 484 4194 Galen.
505 4143 536 4194 de
553 4142 629 4194 Faso.
649 4157 673 4210 p.
692 4142 752 4196 836.
772 4143 803 4196 Τ.
820 4142 914 4196 XVlll.
934 4161 959 4212 p.
979 4144 1003 4198 1.
1022 4140 1185 4216 θραχθῆιιιι
1200 4141 1248 4194 lle-

136 4230 212 4300 ayclu.
234 4221 387 4298 έφθέρθιιι
403 4228 513 4280 Aristot.
534 4228 565 4280 de
584 4229 642 4282 0rt.
661 4235 689 4282 et
705 4227 756 4282 lut.
775 4229 795 4282 l.
817 4229 859 4285 1⁰.
878 4237 929 4282 etc.
954 4300 957 4309 ¹
