2914 4882
197 329 251 396 lili
264 327 402 398 mouth.
417 325 572 394 Anthou.
588 327 641 394 lut·
653 325 782 396 shus'r.
800 327 892 396 GEN.
909 327 1042 398 Auula.
1061 333 1089 418 ἓ.
1104 333 1137 400 3.
1178 335 1246 404 bil

130 509 229 596 igitur
250 509 383 576 omnium
405 507 553 596 adjectiva
576 517 684 574 extant
710 509 763 574 sed
784 509 936 576 distinctio
957 511 1011 578 illa
1026 521 1053 580 'a'
1072 513 1175 580 multis
1197 519 1248 582 ah·

131 623 193 678 est.
240 611 365 678 Photins
387 607 517 685 Σπινός
538 607 592 678 dcci
615 611 678 678 coci
700 607 775 686 ἑνός
801 599 826 680 ν
850 612 1003 702 irruunt,
1033 616 1138 700 procul
1160 618 1248 686 hubin

130 715 287 781 aviculam
315 714 507 798 significans,
550 735 637 798 qnam
665 715 854 780 Herodianus
883 743 921 784 π.
944 720 1038 785 Mor.
1067 739 1096 802 p.
1124 717 1186 797 40,
1215 721 1247 786 1.

133 815 260 892 orciuos
281 817 386 882 vocari
407 817 495 891 dicit,
520 817 859 903 coenomanicae,
891 820 968 909 quod
990 820 1125 905 Scaliger
1148 846 1251 910 opet-

132 911 195 1008 pdc
215 919 322 984 scribit
346 941 378 984 v.
403 918 506 984 Stura.
531 920 568 984 ad
589 919 712 1004 Empcd.
736 942 767 1005 p.
792 918 866 986 546.
898 913 1008 1008 corby
1030 920 1140 1010 κάρνα
1162 925 1247 992 Paul.

131 1023 213 1107 Aeg.
239 1020 306 1086 Vll.
329 1019 390 1097 20,
413 1019 489 1087 240.
514 1043 567 1106 pro
588 1016 696 1110 coryci
719 1021 771 1086 lV.
795 1022 835 1103 4,
860 1021 934 1088 134.
963 1016 1080 1108 aliaque
1102 1027 1251 1112 adjective

132 1120 224 1213 ὕβρις
242 1123 327 1208 llipp.
344 1124 456 1210 Aphor.
478 1147 507 1209 p.
528 1122 602 1190 755.
622 1124 659 1189 Τ.
676 1123 728 1188 lll.
753 1126 844 1199 ἴλλος
864 1125 947 1190 Suid.
973 1136 1004 1192 et
1025 1126 1158 1194 vicissim
1181 1132 1251 1196 suh·

134 1227 271 1294 stantiae
295 1245 384 1310 saepe
409 1227 624 1312 adjectivorum
649 1239 777 1294 accentu
798 1235 961 1294 notentur:
993 1221 1100 1316 ταγγή
1122 1243 1248 1314 struma,

136 1321 270 1417 δολιχός
292 1349 398 1394 cursus
420 1328 513 1393 Anth.
533 1330 596 1396 Pal.
614 1328 679 1394 Vll.
702 1351 735 1394 n.
752 1329 826 1396 726.
851 1330 1003 1396 Plutarch.
1021 1331 1143 1398 Praecc.
1165 1333 1248 1418 lieip.

64 1482 69 1500 .
134 1431 193 1498 Vl.
219 1428 292 1496 150.
332 1429 409 1494 Phil.
438 1431 473 1496 de
498 1431 580 1516 Sept.
606 1433 636 1516 §.
664 1432 722 1508 11,
750 1431 825 1499 288.
863 1432 975 1498 Athen.
999 1432 1083 1496 Xlll.
1111 1433 1185 1500 570.
1210 1436 1248 1500 l).

136 1557 173 1602 v.
198 1533 317 1598 Coraia.
341 1533 517 1602 adHclintl.
541 1553 571 1620 p.
595 1533 650 1602 82.
672 1535 791 1600 Jacobs.
815 1536 852 1600 ad
874 1532 984 1600 Aobiil.
1009 1557 1038 1621 p.
1063 1531 1138 1600 615.
1164 1544 1252 1624 θερι-

7 1711 8 1714 ¹
134 1629 206 1727 μός
227 1635 347 1721 lupinus
370 1635 478 1702 Galen.
496 1637 572 1722 Eup.
594 1637 632 1702 ll.
653 1637 692 1714 2,
711 1637 786 1704 392.
810 1633 846 1702 Τ.
865 1635 950 1725 ΧΠ..
977 1633 1079 1727 ω’χρός
1101 1637 1177 1704 Poll.
1196 1638 1249 1706 lV.

135 1738 217 1806 187.
245 1759 298 1824 pro
324 1733 443 1827 ὦχρος,
476 1738 552 1822 quod
580 1741 690 1804 nomen
719 1755 808 1824 quum
830 1739 1029 1812 Buttmannns
1053 1739 1185 1805 Gramm.
1210 1741 1248 1808 ll.

12 1879 14 1886 ·
135 1842 216 1910 325.
248 1841 380 1906 funditus
406 1841 549 1926 rejiceret
575 1842 672 1908 solum
698 1853 837 1908 neutrum
862 1838 906 1914 ,ed
928 1835 1032 1932 ὦχρος
1054 1843 1180 1908 Graecis
1202 1865 1252 1910 re-

135 1947 295 2032 linquens,
328 1965 389 2008 non
410 1943 588 2010 meminerat
610 1939 714 2036 ὦχρος
734 1938 850 2020 invade
871 1945 933 2030 legi
955 1945 1039 2010 Paul.
1065 1945 1123 2032 Sil.
1145 1947 1248 2032 Epigr.

35 2111 38 2118 ,
137 2051 198 2116 lX.
222 2048 255 2114 4.
279 2045 324 2136 cpi
348 2039 438 2136 ὥχρῳ
468 2045 511 2110 ld.
534 2048 567 2112 in
589 2048 676 2112 Amh.
702 2069 734 2112 v.
760 2043 1162 2138 55.¹auadcpypu2tiypuu
1184 2050 1251 2138 ,Ann-
1387 2099 1390 2118 .

138 2151 296 2220 dromaoh
326 2171 373 2234 ap.
399 2148 507 2212 Galen.
531 2149 607 2235 Eup.
631 2167 661 2235 p.
684 2147 739 2214 35.
763 2151 799 2214 Τ.
823 2149 909 2214 XIV.
939 2151 1172 2240 cheyne-«hujus
1193 2147 1251 2216 'dc-

139 2252 314 2320 clinationis
337 2251 474 2336 exempla
495 2273 527 2316 v.
546 2251 676 2336 Gregcr.
696 2251 796 2318 Carnu.
815 2251 974 2336 LXlll.,p.
994 2252 1067 2318 151.
1086 2247 1121 2318 C'.
1141 2254 1249 2320 Tactz.

137 2356 234 2422 Hom.
254 2377 286 2418 v.
305 2351 380 2431 367.
405 2354 477 2442 quin
499 2355 668 2438 praefertur
689 2353 789 2418 neutri
813 2365 844 2418 et
861 2355 1005 2420 feminino
1027 2348 1115 2444 cippo
1136 2358 1252 2422 abloc-

137 2461 206 2527 ride
231 2453 334 2548 clypco
355 2451 537 2544 cipocacmic
558 2456 616 2524 act
635 2447 833 2544 βαρυτόνων,ἱ
854 2453 1013 2540 dcacacip,
1034 2457 1178 2562 puiyyine
1200 2460 1253 2522 du-

138 2563 191 2628 bio
214 2559 371 2626 decolore
393 2560 537 2644 loquitur,
561 2581 622 2624 non
644 2561 680 2624 de
700 2560 863 2644 legumine,
887 2558 966 2624 sicut
983 2557 1120 2622 Philemo
1133 2543 1254 2648 'rechap

138 2668 170 2752 §.
189 2663 264 2732 322.
285 2685 315 2748 p.
334 2662 410 2728 222.
433 2662 485 2726 nbi
503 2655 606 2752 ὦχρος
625 2663 902 2748 properispomenhs
921 2662 1011 2726 scribi
1033 2662 1076 2725 eit
1096 2665 1144 2734 cic
1163 2657 1253 2727 circo·

140 2763 258 2858 φυγήν
284 2765 348 2832 coti
374 2763 548 2835 aetatem.
594 2766 801 2854 synonymum
825 2760 949 2855 χλωρός
972 2759 1149 2854 propinate
1176 2763 1253 2830 Ero·
1313 2755 1316 2760 ’

139 2873 219 2938 tien.
248 2892 278 2956 p.
302 2865 377 2933 390.
405 2868 474 2944 vel,
508 2879 542 2934 nt
569 2868 735 2954 Stephanus
762 2867 877 2944 voluit,
900 2865 1036 2957 ’χλῶρος
1063 2867 1253 2934 scribentium

139 2973 194 3042 vel
216 2964 325 3062 χλοιός
345 2981 379 3036 nt
399 2967 538 3057 yooao'c,
564 2966 699 3058 φλοιός,
723 2968 839 3057 potede
859 2968 1095 3054 Nicandblpx.
1115 2966 1188 3034 183.
1206 2967 1252 3056 ἓξ)

141 3095 312 3162 quanquam
334 3073 391 3138 hoc
410 3073 591 3138 scholiastes
612 3072 791 3159 adjectivum
814 3093 882 3138 esse
904 3075 1005 3156 putei:
1038 3073 1096 3156 Sed
1113 3073 1177 3157 jem
1199 3093 1252 3136 ve·

142 3191 227 3244 teres
248 3177 280 3240 in
301 3175 404 3240 multia
426 3175 571 3240 titubasse
592 3186 735 3240 testatm
761 3175 876 3242 iaciunt
900 3175 1051 3240 discordes
1074 3174 1252 3260 Grammati-

142 3301 248 3346 corum
276 3277 457 3343 scntentiae.
502 3275 599 3342 Velut
626 3272 811 3365 ἀσφοδελὸν
838 3271 965 3364 λειμών
992 3277 1112 3364 Trypho
1146 3278 1251 3364 eodem

140 3379 413 3466 accentn‘scripsit
434 3399 491 3464 qno
513 3379 732 3443 substantivum
754 3381 833 3452 solet
853 3401 885 3444 v.
908 3379 995 3442 Enst.
1019 3399 1048 3462 p.
1071 3372 1249 3470 1608,28.

141 3479 220 3552 ltem
240 3483 273 3548 in
294 3475 446 3547 homerico
468 3493 559 3546 versu
581 3473 749 3546 ttxx'tv.
766 3481 840 3547 316.
863 3471 979 3550 ciendo
998 3471 1058 3566 ἧκε
1075 3469 1249 3566 μόρφνον,

140 3581 326 3676 θηρητῆρ’,
360 3583 401 3652 ὃν
421 3583 478 3652 aci
498 3579 645 3670 περκνὸν
666 3581 841 3665 καλέουσί,
872 3585 997 3674 fuerunt
1021 3581 1070 3668 qui
1091 3572 1260 3675 ρνορφνόνἱ

141 3692 314 3768 scriberent
340 3699 371 3753 et
394 3688 445 3774 qni
466 3684 635 3774 πέρννον,
666 3707 791 3771 quorum
813 3686 886 3752 illud
907 3686 1018 3770 vulgo,
1048 3683 1104 3748 hoc
1125 3684 1161 3746 ab
1183 3682 1252 3746 Ari-

141 3791 265 3860 starcho
286 3792 441 3878 probatum
463 3799 523 3866 est,
546 3789 596 3873 qui
617 3787 707 3863 εἶδος
726 3784 829 3856 decoci
846 3784 1165 3874 significaricredidit,
1189 3803 1251 3848 non

141 3897 289 3962 colorem.
334 3895 384 3958 Ex
404 3893 461 3958 hoc
481 3901 582 3957 autem
607 3890 673 3980 ipso
698 3912 841 3978 persaepe
869 3888 1078 3956 controversia
1103 3885 1249 3962 nascitur,

143 4019 371 4070 -.--..------ν-Δ

211 4137 258 4204 33)
278 4136 434 4220 Emtaphiua
451 4151 477 4210 p.
495 4136 545 4198 93,
563 4133 607 4189 47.
630 4128 728 4203 ploto's
743 4124 883 4204 ὄξῦνηνι,
904 4128 1054 4205 &milciade
1070 4126 1099 4185 δὲ
1116 4126 1149 4185 νδ
1165 4115 1250 4200 Ipo-

138 4222 251 4294 ρῦνετνι
266 4239 294 4275 v.
313 4219 425 4275 nisscrt.
445 4221 489 4274 lll.
508 4237 530 4274 c.
551 4221 594 4277 lll.
614 4221 637 4291 §-
658 4224 684 4277 8.
1040 4266 1043 4270 ,

174 4323 428 4394 macerarem.
999 4299 1042 4372 23
