2940 4894
322 318 380 384 llll
407 315 566 384 NOMlN.
599 315 767 384 MONOS.
800 319 837 382 C.
857 317 882 382 1.
915 319 944 402 §-
966 319 1018 384 11.
1162 321 1230 390 {lb

119 497 247 584 bentleji
271 497 329 582 Ep.
353 496 389 561 ad
410 495 485 563 Mill.
509 519 539 582 p.
559 495 635 563 493.
667 497 829 562 nonnullos
858 491 950 586 ὄψον
979 497 1116 583 accipere
1144 499 1229 579 dlclt,

115 602 186 665 alios
208 596 423 686 ἄνθρωπον,
444 599 572 686 δρῶπες
592 597 656 689 peip
679 607 713 667 οἱ
732 595 918 686 ἄνθρωποι
938 599 1104 688 λέγονται.
1143 601 1229 683 Quod

114 718 267 790 utcunque
296 715 358 790 est,
392 725 501 767 nomen
523 701 701 790 Δρωπίδης
729 704 805 768 Plat.
832 703 953 768 Charm.
980 703 1053 768 157.
1079 707 1114 771 Ε.
1138 707 1228 792 Diog.

114 809 164 872 La.
190 807 245 870 lll.
273 807 306 870 1.
338 827 399 869 non
429 805 548 870 aliunde
577 808 697 880 ductum
731 807 863 870 videtur.
918 805 952 870 ln
980 821 1009 892 ψ
1039 829 1100 872 non
1123 831 1230 895 purum

112 931 202 974 unum
225 909 343 973 desinit
363 907 499 1002 χρὲμψ,
526 910 661 994 pisciculi
687 929 796 972 nomen
819 907 913 973 semel
934 911 1010 994 apud
1032 910 1227 976 Aristotelem

113 1014 221 1076 lectum
246 1011 288 1075 H.
314 1015 394 1076 Anu.
419 1012 471 1076 lV.
496 1009 530 1088 8,
554 1009 606 1076 10.
632 1012 697 1076 siue
721 1011 782 1076 ulla
804 1023 857 1075 aut
879 1013 1001 1096 generis
1023 1023 1076 1076 aut
1098 1013 1230 1077 declina·

111 1116 200 1178 tionis
231 1126 310 1178 nota
337 1135 394 1178 uec
424 1115 589 1178 constantis
611 1115 798 1198 scripturae:
834 1137 902 1178 uam
925 1115 957 1178 iu
979 1115 1050 1180 Vat.
1077 1115 1163 1206 χρέψ
1185 1117 1229 1180 le·

111 1219 208 1302 gitur,
239 1218 276 1280 iu
308 1215 376 1280 aliis
399 1217 559 1292 omissum,
591 1217 815 1281 aScbneidero
836 1217 923 1281 uncis
945 1217 1142 1282 interclusum
1168 1229 1227 1283 est.

111 1314 203 1408 Δόρψ
228 1331 348 1396 autem,
371 1321 450 1382 uude
476 1319 615 1383 nonnulli
636 1319 820 1384 homericum
842 1311 952 1406 (laipno
975 1321 1155 1386 declinatum
1175 1341 1229 1407 pu·

111 1433 211 1486 larunt
234 1423 341 1486 Schol.
366 1422 401 1488 Il.
425 1421 541 1486 XXIV.
565 1419 641 1487 447.
667 1443 708 1486 ex
729 1443 808 1486 vano
831 1423 1004 1487 condatum.

191 1524 410 1612 Monosyllaba
430 1525 463 1588 in
484 1523 620 1589 vocalem
643 1525 811 1590 desinentia
829 1527 865 1592 ad
881 1525 1017 1590 ultimum
1029 1525 1136 1611 rejeci,
1160 1525 1230 1608 quia

110 1649 256 1712 perpauca
291 1639 362 1691 suut
389 1638 419 1690 ct
446 1628 580 1691 obsoleta
608 1639 660 1691 aut
689 1649 730 1691 ex
758 1627 894 1692 barbaria
922 1639 1062 1714 accepta3
1099 1629 1228 1714 primum

111 1731 178 1812 illa,
208 1731 321 1815 quibus
345 1729 538 1794 Grammatici
569 1729 698 1816 syllabus
728 1731 832 1794 finales
855 1731 1005 1796 detractas
1026 1741 1144 1816 putant,
1174 1721 1228 1819 ῥά,

109 1831 174 1919 ppt,
204 1832 241 1900 λί
269 1833 339 1896 sive
365 1831 419 1922 ydc'
450 1832 582 1919 Hesycb.
628 1833 710 1896 llaec
739 1843 838 1897 autem
861 1855 959 1918 neque
983 1833 1131 1898 declinata
1156 1843 1229 1898 sunt

111 1959 238 2021 uuquam
272 1957 372 2020 neque
401 1936 617 2021 adjectivorum
638 1935 727 1998 modo
749 1947 904 2020 usurpata,
934 1932 987 2000 sed
1011 1935 1226 2002 adverbialiter

111 2051 142 2103 ut
167 2039 412 2126 praepositiones
443 2037 612 2122 loquelares
639 2030 691 2114 λα’,
722 2036 788 2120 tat,
818 2034 885 2126 cipe,
915 2043 977 2126 ἔρι,
1005 2036 1103 2124 pacior,
1134 2050 1165 2103 et
1192 2047 1228 2105 ut

112 2144 263 2220 adverbia,
289 2141 390 2226 αἶψα,
410 2137 485 2229 ὀψέ,
507 2132 585 2227 poili
605 2132 724 2210 ἱκανόν
741 2141 872 2226 Hesycb.
892 2142 922 2204 id
937 2154 983 2206 est
998 2138 1082 2222 ἅλις,
1105 2141 1159 2228 ἶφι
1167 2141 1226 2225 ⁴⁶),

112 2239 182 2336 ἄγχι
190 2247 254 2333 ⁴⁷),
280 2237 369 2330 odor,
390 2240 467 2332 ὕψι,
491 2233 597 2322 πάνυ,
619 2242 715 2328 τῆλι,
737 2241 819 2330 μάψ
838 2243 929 2329 (quod
950 2245 1113 2328 apotroctis
1130 2245 1224 2309 adnu-

113 2353 257 2434 meratur)
284 2345 352 2424 πύξ
371 2359 429 2412 ιιι.
448 2367 522 2431 quae
536 2345 600 2429 ipsa
614 2357 686 2410 suut
698 2346 842 2430 principia
856 2347 1070 2410 vocabulorum
1090 2342 1225 2432 α’ρείων,

114 2449 196 2533 λίαν,
225 2446 370 2540 βριθύς,
398 2445 531 2537 βριμός,
556 2445 672 2534 sociate,
695 2470 841 2534 maguus,
861 2443 1139 2548 dpoeLonpdc
1161 2463 1222 2551 cte.

114 2559 250 2620 assumtis
275 2555 374 2619 literis
396 2554 432 2616 ad
455 2552 711 2636 pronunciandum
734 2552 927 2630 necessariis,
959 2579 998 2632 c,
1029 2579 1059 2631 ι,
1086 2576 1109 2618 o
1138 2566 1169 2618 et
1191 2577 1223 2619 c.

114 2655 184 2720 Nam
206 2655 259 2738 dt,
285 2657 375 2743 τῆλε,
399 2653 474 2742 ὀψέ,
497 2655 602 2740 procul
624 2656 711 2718 dubio
734 2655 990 2719 recentiorasunt
1005 2677 1092 2739 quam
1109 2657 1225 2724 aeolica

115 2753 157 2832 ἅϊ,
188 2761 297 2847 cribo,
326 2753 399 2848 ὅψι,
430 2761 506 2843 quod
536 2767 688 2841 comparet
709 2756 742 2819 in
764 2758 936 2842 compositis
958 2752 1141 2847 ὀψιμαθής
1163 2773 1223 2828 ιιι.

116 2873 146 2925 ut
167 2865 272 2952 priora
294 2865 327 2927 iu
345 2861 516 2954 ῥᾴθυμος,
542 2852 751 2948 districteque„
769 2849 962 2946 λιώλεθρος,
988 2859 1159 2951 βριήπυος
1181 2867 1222 2930 cf.

115 2964 222 3030 Anecd.
251 2967 351 3032 Bell.
374 2987 403 3049 p.
424 2963 478 3045 30,
502 2963 556 3028 31.
582 2964 681 3028 Scbol.
705 2964 804 3048 Apoll.
829 2963 981 3029 111.860.
1026 2966 1131 3050 Neque
1160 2989 1225 3032 cer-

117 3077 172 3130 tum
200 3089 353 3154 apocopae
381 3077 590 3152 argumentum
612 3069 735 3151 praebet
756 3065 901 3130 aeolicum
922 3061 1008 3155 βρᾷι
1036 3071 1113 3153 quod
1134 3069 1225 3154 Apol·

115 3167 207 3236 louius
238 3174 278 3234 de
307 3173 440 3235 Adverb.
472 3193 501 3255 p.
528 3169 604 3235 567.
643 3182 736 3255 negat
767 3171 902 3234 existere
931 3171 1064 3255 potuisse
1095 3173 1154 3236 uisi
1183 3195 1223 3237 ex

114 3265 262 3360 βρᾷδιος,
284 3274 353 3358 quia
374 3274 443 3337 beta
464 3273 538 3338 illud
559 3295 621 3338 uon
644 3283 847 3358 praeponatur
862 3272 921 3337 nisi
936 3283 1082 3360 sequente
1098 3275 1224 3352 dentali,

117 3423 324 3440 ψ

117 3523 162 3577 est,
179 3533 285 3584 pueros,
306 3535 356 3586 quo
374 3519 519 3571 absolutius
535 3535 563 3570 os
575 3519 650 3570 beret
663 3527 690 3571 et
703 3521 849 3587 expressior
861 3535 954 3581 sermo,
973 3521 1082 3570 nomino
1095 3519 1225 3585 quaedam

118 3613 258 3671 casusque
270 3606 414 3672 affectatae
429 3606 598 3673 dffeultatic
610 3621 645 3656 ec
659 3610 807 3672 aspacatme
821 3608 975 3658 coeuntibus
992 3608 1064 3656 inter
1077 3621 1106 3654 ce
1114 3605 1225 3673 syllabis

118 3697 301 3743 concatenatos
320 3697 349 3742 et
367 3692 442 3742 velut
460 3692 636 3758 corp‘ragcsoc
656 3707 736 3758 quam
756 3695 916 3744 citatissimo
934 3691 1039 3743 volvero
1050 3689 1148 3756 jussos
1167 3708 1224 3745 csse

119 3768 221 3841 Quintil.
238 3777 258 3830 l.
282 3777 307 3838 1,
329 3776 372 3831 37.
788 3779 791 3788 “

179 3865 225 3930 lb)
247 3865 387 3915 Passoviuc
407 3865 523 3916 dativum
546 3864 655 3915 nominis
680 3865 704 3916 ιι
722 3879 779 3915 osse
798 3871 889 3931 putat;
918 3865 963 3914 sed
983 3864 1006 3913 is
1025 3869 1067 3914 est
1088 3857 1135 3917 ι’νί.
1172 3863 1222 3916 'l'c-

119 3947 263 4002 mutianus:
293 3944 339 4004 ἵνα
359 3965 440 4016 quam
460 3951 557 4002 Gracci
572 3967 707 4010 coeamus,
726 3953 780 4000 vim
790 3951 872 4016 jubet
888 3967 929 4000 mc
947 3949 1043 4000 dicere.

181 4035 226 4102 tt)
253 4037 321 4088 ldem
345 4053 402 4088 esse
425 4039 531 4090 videtur
549 4033 637 4106 ἄμφι,
664 4037 731 4104 quod
754 4036 951 4102 praepositionis
977 4043 1110 4087 accentum
1133 4037 1220 4097 babet,

119 4121 218 4173 ulmus
242 4125 410 4175 antistoccbis
430 4131 462 4176 ut
485 4120 585 4195 πάγχυ,
607 4119 712 4195 πάμφι.
747 4121 821 4174 Gonf.
842 4117 1025 4194 ἰμφιεβητεῖν
1048 4128 1076 4173 ιι
1094 4115 1221 4192 ἀγχιβα-

122 4204 181 4270 “3'2
203 4201 298 4282 1171οθ
310 4217 338 4262 ὓῑ
349 4207 467 4282 pappos.
