2944 4888
301 325 359 394 on
387 323 585 394 raason.
616 323 818 396 nornen.
850 332 878 415 ς.
902 327 935 396 4.
1137 333 1182 400 rs
1299 435 1303 442 ·

95 519 237 577 assumtum
259 529 325 576 esse
347 507 500 573 inlocum
529 507 643 593 antiqui
663 507 822 574 crebresce
843 511 892 593 (ut
912 510 1079 599 nigresco),
1109 535 1181 600 quo-

93 615 162 678 nolo
183 612 384 688 bertilione,
398 614 442 695 ¹⁴)
466 613 685 696 praestigiae,
712 631 831 698 prora,
866 613 1099 704 ouqnsoeipori
1139 617 1182 688 At

93 717 176 782 alem
201 715 292 780 litera
318 713 490 798 geminatur
520 735 582 777 non
612 713 707 778 solum
729 715 762 778 in
785 711 899 778 crolrb
921 725 953 780 st
973 717 1097 797 mahro,
1128 725 1182 788 seul

92 815 214 882 eleusin
234 814 410 880 derivativis
440 814 603 894 corinun„
614 816 776 903 probrum.
821 815 924 902 ltaque
946 820 1023 903 quod
1048 835 1182 914 κραῑρα,

90 918 266 1008 ἡμίκραιρα,
293 915 455 1007 κρούρσς,
475 917 508 982 in
530 919 681 983 communi
696 919 826 985 omnium
842 937 900 985 usn
912 933 1076 988 versentur
1092 929 1182 1013 etqn'e

89 1024 146 1088 eleo
170 1022 293 1107 antique
320 1019 421 1086 Atthis
448 1013 639 1108 νσύκρσρος
668 1021 783 1108 recepit
802 1043 856 1107 pro
876 1015 1075 1112 ναύκληρος,
1097 1039 1129 1094 et
1148 1031 1181 1096 iu

90 1125 208 1210 luscuipt.
232 1124 397 1210 Tegeaticus
417 1122 458 1188 N.
477 1121 573 1200 1513,
595 1125 626 1188 b.
647 1143 681 1188 v.
708 1123 761 1200 15,
789 1119 863 1190 700.
906 1127 1104 1215 Κραριύκαι
1127 1153 1182 1217 pro

87 1227 280 1316 Κλορειοῑσοκι
306 1247 369 1292 non
383 1227 493 1304 obstet,
517 1225 674 1312 quominus
696 1224 826 1315 Φασρίο
849 1247 881 1291 v.
901 1227 1006 1294 Cernis
1026 1232 1063 1296 ecl
1085 1231 1180 1300 lsocr.

86 1351 109 1412 p.
130 1329 194 1395 137.
218 1323 415 1417 δρύφακτος
431 1329 488 1415 ¹⁵),
509 1325 751 1417 χαλκεομίκορ,
781 1327 972 1415 Θρινακιό,
1001 1329 1182 1426 θιπύβρω..

87 1454 132 1506 σος
149 1431 277 1518 Hesyeb.
302 1431 421 1496 aurium
447 1431 544 1516 gratia
556 1430 650 1496 escita
665 1453 733 1496 esse
751 1431 925 1514 credamns3
955 1455 1024 1498 nam
1038 1457 1181 1524 persaepe

87 1555 132 1598 usu
146 1536 237 1611 veuit,
258 1540 295 1599 ut
318 1533 490 1598 fastidiosus
513 1533 565 1596 illc
587 1533 753 1598 concinnae
774 1535 998 1620 compositionis
1020 1559 1128 1604 seusus
1149 1542 1181 1604 in

87 1646 181 1722 tempus
200 1637 347 1702 hebescat
368 1653 442 1700 mox
462 1633 647 1701 revicturus.
691 1633 756 1700 Nec
771 1636 975 1722 scrupulosius
989 1617 1180 1725 qelcramus,

86 1759 130 1802 cm
150 1740 179 1803 in
201 1749 351 1825 patesco,
373 1737 494 1823 scone,
530 1737 641 1803 omissa
669 1738 711 1803 sit
732 1737 833 1818 litera,
864 1761 940 1824 queo
961 1742 995 1806 in
1026 1741 1181 1828 refertae,

87 1839 185 1904 orbz'tcr
214 1853 276 1908 ete.
311 1851 434 1925 praeter
462 1837 674 1906 necessitatem
702 1851 835 1906 assumta
864 1853 929 1920 est,
967 1845 1046 1910 siout
1074 1843 1182 1912 Grueci

86 1942 194 2007 annum
214 1943 252 2008 ad
286 1943 458 2030 κορκσνσῑ,
487 1935 667 2032 μορμύρω,
694 1942 893 2032 pappolus,
922 1948 1091 2013 referentes
1119 1969 1182 2014 me·

87 2045 188 2110 loemut
207 2038 393 2135 δοιρύύσοσω
425 2047 524 2110 dicere
555 2067 642 2131 quam
664 2040 822 2114 ύσύύπύω
845 2047 896 2112 vol
922 2044 1118 2138 δαβύύπτω.
1139 2087 1182 2107 -·

86 2145 119 2212 lle
136 2149 311 2235 sigmatismi
332 2149 404 2234 inge
425 2148 551 2214 Vossius
573 2149 610 2212 ad
631 2147 670 2213 H.
693 2149 731 2212 H.
748 2148 781 2211 in
794 2147 865 2212 Ger.
884 2147 957 2215 135.
979 2154 1130 2220 subtiliter
1151 2165 1184 2220 ut

86 2262 173 2334 utpute
192 2251 330 2331 disserit,
359 2250 522 2315 Homerum
544 2261 575 2316 et
595 2259 630 2315 ut
651 2252 775 2336 quisque
798 2251 863 2336 eJus
884 2253 977 2318 luerit
997 2255 1180 2340 simillimus,

87 2360 133 2416 bru
151 2355 284 2420 studiose
307 2353 421 2438 fugisse
442 2353 559 2434 sibilos,
582 2363 617 2418 ut
638 2373 734 2437 nequo
757 2353 853 2441 φρεσὶ
876 2354 969 2445 σῇσι,
1000 2377 1098 2441 neque
1120 2351 1183 2425 tt-

87 2475 152 2534 σεσι,
182 2478 284 2543 neque
316 2454 561 2542 σεσοφισμένος
589 2465 642 2521 eut
668 2455 750 2519 alind
781 2455 850 2539 quid
877 2455 924 2519 bis
952 2478 1006 2541 par
1028 2470 1060 2524 et
1083 2459 1181 2526 simile

85 2557 266 2626 almittarcnt.
319 2558 377 2622 Sctl
393 2557 466 2623 boec
481 2557 626 2623 scribenti
645 2557 824 2622 exciderant
841 2556 993 2623 homerica
1013 2559 1183 2648 κροίσσοοι

88 2695 282 2710 ῄ-ᾷ-..ι-ι-

138 2761 178 2829 ll)
193 2761 246 2816 lloc
265 2762 358 2830 aptius
381 2769 423 2814 cst
446 2777 522 2830 quem
540 2775 606 2829 queo
625 2759 796 2814 &uncilenus
813 2769 948 2814 enumeret
965 2761 1079 2816 Gremm.
1097 2763 1129 2816 Τ.
1147 2763 1179 2818 ll.

87 2859 104 2906 p·
121 2846 173 2904 ltu.
197 2858 225 2902 et
249 2849 312 2904 508.
339 2848 470 2910 fretellus,
495 2849 600 2901 libellus
625 2855 674 2900 etc.
700 2847 762 2916 quia
785 2847 863 2901 litere
880 2855 893 2900 t
909 2850 936 2900 in
953 2851 1085 2918 primitivo
1103 2855 1182 2904 mae

87 2945 125 2981 nou
140 2933 209 2997 inest,
229 2937 277 2988 sed
296 2935 422 2986 remansit
439 2951 472 2987 ex
489 2935 671 2988 terminatione
689 2939 852 2988 baernum.

141 3019 181 3087 lb)
200 3020 316 3074 Veteres
341 3022 507 3088 compositum
536 3038 593 3074 esse
624 3029 734 3088 putant,
766 3021 938 3074 Schneiderns
970 3031 997 3075 et
1025 3023 1180 3077 Scbael'crus

89 3101 112 3152 el
125 3101 187 3158 Plnt.
206 3106 239 3161 Τ.
262 3105 298 3160 V.
323 3105 367 3160 38.
391 3107 500 3174 simplex
523 3121 539 3158 a
562 3107 642 3160 verbo
664 3098 804 3178 δροφύοσω
822 3108 866 3160 vel
882 3105 1006 3179 δρυφύζω
1024 3111 1179 3172 derivatum,

88 3189 120 3238 tui
131 3189 284 3256 includendi,
305 3191 419 3260 sepiendi
433 3191 644 3259 significationem
656 3193 777 3244 tribuunt
789 3200 895 3245 auctore
901 3193 1068 3264 Lycophrone
1080 3211 1106 3248 v.
1117 3197 1180 3253 238.

87 3269 143 3343 tale?
161 3276 347 3349 κστεύρύφοξκ
378 3271 521 3348 διπτύχους
542 3268 626 3348 yovulr
648 3284 676 3329 et
698 3292 726 3330 v.
751 3277 813 3332 785.
838 3283 935 3350 στέρνα
957 3277 1183 3353 δεύρκφσγμύννν,

30 3403 32 3432 q
88 3362 140 3422 quod
156 3371 264 3432 utroque
279 3365 336 3416 loco
350 3365 504 3418 scholiastes
517 3366 725 3432 interpretentur
741 3358 896 3434 α’σφαλίσαι,
913 3366 1099 3422 κατακλεῖσαι·
1131 3367 1182 3420 Sco
1218 3398 1220 3412 ι

30 3437 32 3444 l
88 3443 111 3494 le
124 3451 227 3503 secundo
244 3453 303 3502 loco
320 3451 482 3518 apertissime
499 3459 589 3504 errant
602 3451 752 3518 omninoque
769 3450 813 3518 qui
824 3449 921 3504 lactum
933 3454 978 3514 sit,
997 3461 1028 3505 ut
1040 3447 1183 3523 δρσφύσσω

88 3537 128 3584 len
150 3545 273 3589 muctam
298 3551 314 3587 a
337 3538 468 3604 primitivo
499 3535 610 3608 δρύπτω
640 3535 850 3602 significationem
874 3539 1011 3606 acceperit,
1045 3537 1108 3588 adeo
1131 3553 1180 3588 non

89 3625 156 3679 toust
169 3623 292 3688 intelligi,
309 3629 341 3673 ut
355 3624 441 3690 priore
453 3623 509 3676 loeo
521 3617 701 3692 κστούρύφσξο
711 3639 757 3690 pro
767 3621 903 3690 κακέξανο,
918 3627 1084 3687 sucturum,
1100 3623 1181 3676 adti-

89 3706 125 3765 m'l,
146 3707 288 3774 qffle'ctom't
310 3710 421 3776 positum
446 3711 558 3772 orclem,
583 3709 634 3760 uisi
659 3707 793 3778 Lycopbro
817 3708 872 3776 ipse
897 3709 981 3776 specie
1004 3709 1181 3761 similitudinis

89 3786 190 3859 deceptus
212 3795 297 3848 verbe
319 3795 499 3850 diversissime
521 3791 662 3866 δροφύσσοκ
685 3801 713 3845 et
737 3791 877 3864 δρσφσκτῶ
902 3793 1019 3846 cuntulit
1038 3797 1181 3848 autetiam

89 3875 273 3951 κστκκρύψσσκσ
297 3877 409 3949 scripsit.
459 3880 584 3934 Veterum
615 3879 768 3932 sententium
793 3879 927 3931 confirmet
950 3889 1087 3945 noeentum
1122 3898 1180 3934 uem
1245 3918 1249 3929 .

89 3957 166 4028 ¹lliquu
177 3995 178 4006 ο
189 3967 318 4018 scribitur
340 3963 490 4038 δρύφακτος
506 3973 537 4017 ot
553 3960 745 4044 ξυλόφρακτος,
767 3965 818 4016 etsi
835 3967 993 4020 eontrarium
1006 3966 1084 4033 jubet
1099 3970 1179 4020 Aroe·

89 4041 135 4097 lius
150 4064 173 4116 p.
189 4051 234 4114 83,
255 4053 297 4106 lb.
318 4053 363 4120 qui
380 4051 490 4105 sortasse
503 4053 577 4114 illud,
597 4049 659 4120 quie
671 4049 830 4101 substantivi
846 4051 1006 4117 intellectum
1021 4054 1109 4116 habet,
1128 4054 1180 4104 alio

87 4134 152 4196 alque
174 4136 304 4201 abjectiva
320 4145 428 4212 accentu
446 4138 583 4190 nuendum
607 4140 730 4206 putavit;
755 4144 869 4190 ceterum
887 4139 940 4208 ipsc
958 4139 1103 4207 compositis
1119 4139 1179 4192 eub-

85 4210 169 4282 junxit,
186 4237 236 4274 uon
254 4224 422 4293 simplicibus,
441 4239 508 4294 qnee
526 4225 602 4292 paulo
619 4233 679 4279 ante
697 4225 866 4280 enumeravit.
