2940 4894
267 335 314 402 aa
490 371 493 380 .
620 336 939 410 orssuararro
969 321 1044 421 ιι]

209 506 215 522 ’
265 516 378 586 αἰδοῖα
400 516 547 586 παιδίαν
569 518 650 583 Suid.
680 543 734 606 pro
762 539 821 608 quo
849 523 924 606 apud
946 518 1128 610 Hesychinm
1150 525 1273 603 Νιῖδες
1297 529 1376 594 scri-

264 623 361 700 bitur,
394 621 522 685 fortasse
544 643 597 706 pro
620 622 722 697 ἰνίδες
747 624 879 686 novoli.
925 624 1037 688 Horum
1059 625 1085 690 si
1108 629 1309 694 nominativos
1334 633 1375 696 ad

263 725 404 790 amussim
424 725 576 810 tingimus,
599 736 755 809 emergent
771 725 976 811 monosyllaba
993 729 1263 814 brachycatalecta,
1284 733 1375 817 quale

264 837 310 892 est
331 825 406 900 acic
423 847 471 912 ap.
495 827 684 911 Apollonium
707 827 738 890 in
760 825 838 889 Lex.
863 827 949 892 Hom.
975 840 1006 893 et
1027 831 1207 916 Hesychium
1230 856 1256 899 s.
1281 837 1375 901 Κτι-

262 928 335 1016 δέη,
358 929 410 993 sed
432 928 504 992 baec
527 930 709 992 consuetudo
732 949 842 1014 pecca
865 951 925 992 non
947 931 1026 1007 fert;
1056 933 1157 998 Scbol.
1175 933 1209 996 ΙΙ.
1228 936 1275 1002 Κ.
1290 934 1371 1001 334.

261 1029 372 1118 κτιδέη
390 1027 467 1098 κατ’
484 1025 681 1124 α’·φαῖρεσιν·
710 1030 794 1104 iactr
811 1027 875 1118 νόρ
896 1037 988 1098 ἐστιν
1007 1030 1050 1108 ῶς
1066 1033 1265 1121 Νίκανδρος
1283 1037 1377 1104 ἰκτί-

261 1134 336 1208 δσς·
368 1132 407 1200 τό
427 1132 490 1221 poio
512 1125 778 1220 μονοσύλλαβον
801 1129 843 1199 οὐ
863 1126 1005 1201 δόναται
1029 1132 1108 1203 κατ’
1130 1139 1268 1204 ἔκτασιν
1290 1134 1377 1208 σότα

258 1235 346 1305 κακαὶ
375 1233 542 1321 σαστσλήν
568 1235 745 1323 λέγεσθαι·
784 1229 862 1302 οὔτε
883 1234 947 1324 γαρ
973 1237 1155 1306 ἐκτείνεται
1181 1235 1225 1314 αἶς
1245 1255 1375 1327 κρηπῖ-

259 1339 334 1419 δος,
355 1336 523 1425 ψηφῖδας,
545 1332 624 1404 τότε
646 1337 875 1404 συστέλλεται·
904 1335 1000 1428 α’ρκεῑ
1020 1338 1084 1428 γάρ
1106 1340 1145 1408 τό
1164 1339 1226 1416 τίς.
1261 1342 1375 1428 Neque

258 1443 383 1508 tolerari
412 1451 510 1528 potest
537 1441 612 1523 qnod
640 1441 715 1524 apud
737 1439 919 1526 Hesychium
947 1443 1104 1520 scribitur,
1135 1441 1219 1530 Φρίν
1245 1445 1370 1532 φρένα,

257 1546 311 1610 sed
332 1544 456 1608 ille'vel
474 1536 569 1634 ,φρήν
592 1543 711 1626 scripsit
731 1542 783 1606 vel
805 1535 937 1628 φρόνιν.
982 1543 1088 1633 Σχίδα
1110 1559 1209 1610 autem
1232 1559 1263 1612 et
1285 1547 1375 1636 σφό-ι

256 1646 310 1721 δες
333 1657 364 1711 et
385 1645 494 1710 similia
515 1655 635 1708 veteres
659 1645 724 1708 sine
745 1644 834 1707 dubio
856 1645 1039 1730 metaplastis
1065 1649 1301 1714 adnumerarunt
1325 1651 1375 1716 sia

257 1761 309 1814 cut
333 1746 506 1812 Eustatbins
533 1744 667 1832 patto,
690 1745 744 1811 32.
775 1744 874 1813 κνίδαι
900 1747 1022 1832 Oppiam
1047 1748 1114 1812 Hal.
1141 1749 1178 1812 H.
1204 1751 1279 1817 429.
1311 1775 1368 1837 pro

255 1849 391 1938 κνίδην,
422 1851 479 1914 etsi
500 1849 637 1940 prosodia
658 1849 824 1933 discrepat,
855 1849 964 1914 dictum
988 1871 1055 1914 esse
1079 1852 1170 1916 sumit
1195 1850 1238 1928 cic
1260 1850 1368 1942 δότην

255 1953 356 2035 boian,
378 1947 501 2042 κρόκην
522 1944 636 2038 κρόκα.
672 1945 762 2024 Κνίς
784 1953 888 2014 urtica
910 1973 970 2014 uon
993 1953 1104 2037 legitur
1126 1955 1184 2018 nisi
1207 1956 1237 2019 in
1261 1957 1365 2022 Gloss.

254 2057 374 2121 Philox.
399 2075 495 2142 neque
517 2054 638 2142 probari·
654 2054 787 2137 potuisse
809 2065 930 2138 apparet
952 2075 993 2118 ex
1015 2055 1066 2119 illa
1089 2059 1365 2140 argumentatione,

255 2181 312 2244 qua
334 2160 549 2224 nominativum
567 2155 626 2230 Δίς
647 2177 664 2218 a
682 2155 851 2248 Rhintbone
872 2167 1046 2240 usurpatum
1068 2161 1228 2244 reprobant
1245 2160 1364 2227 Auecd.

252 2261 349 2328 Bekk.
373 2283 401 2347 p.
428 2259 541 2326 1194,
570 2259 619 2320 Sic
647 2255 725 2320 euim
754 2257 921 2341 disputant,
953 2259 1089 2344 obliquos
1117 2261 1204 2347 hujus
1232 2263 1367 2328 nominis

254 2385 341 2428 casus
368 2365 429 2428 iota
456 2361 691 2452 semperbreve
720 2359 847 2454 babere,
880 2382 971 2446 quarc
995 2362 1032 2426 iis
1059 2363 1274 2428 nominativum
1297 2365 1373 2430 lona

253 2488 323 2552 gum
348 2468 396 2550 (ut
418 2475 464 2530 cst
485 2467 596 2530 latinns
618 2465 693 2546 Dis)
719 2464 868 2547 praestrui
894 2485 955 2527 non
978 2487 1082 2550 posse,
1113 2467 1236 2530 brevem
1260 2477 1370 2546 antem

251 2591 419 2654 repugnare
441 2569 607 2653 analogiae.
653 2567 734 2650 Ergo
756 2565 846 2629 etiam
868 2565 978 2645 κνίδα,
1003 2565 1110 2658 cpida,
1134 2565 1264 2656 σφίδες,
1288 2571 1395 2654 qno-s

251 2693 319 2736 rum
343 2672 405 2736 iota
426 2672 518 2735 breve
544 2691 611 2734 esse
635 2669 742 2754 partim
768 2689 816 2732 ex·
829 2681 927 2734 metro
949 2681 1086 2755 apparet,
1116 2671 1223 2756 partim
1247 2693 1288 2736 ex
1309 2693 1363 2736 ac·

252 2783 342 2838 centn
365 2785 396 2837 et
418 2795 458 2837 ex
480 2793 622 2836 mensura
644 2772 730 2835 tarini
744 2772 846 2858 fides,
878 2793 975 2857 neque
997 2793 1015 2835 a
1037 2773 1149 2837 disemo
1172 2774 1361 2839 nominativo

250 2887 388 2960 repetere
411 2885 573 2960 potuerunt
600 2895 697 2958 neque
724 2877 759 2938 ab
782 2897 819 2938 eo
847 2875 896 2958 qui
925 2885 972 2939 est
998 2873 1086 2939 unius
1111 2875 1271 2960 temporis,
1304 2877 1361 2940 sed
1415 2877 1421 2886 “

250 2978 427 3062 metaplasta
448 2979 547 3041 dicere
573 2977 666 3041 coacti
689 2971 787 3041 sunt(
815 2974 877 3050 Δίς
901 2989 1001 3046 autem
1028 2979 1054 3041 si
1079 2990 1226 3042 remotum
1251 2979 1367 3059 fucrit,

250 3082 309 3145 dno
337 3081 401 3144 sola
427 3091 545 3144 restant
571 3099 644 3164 pure
670 3079 818 3143 declinata
845 3077 896 3153 κίς
925 3091 956 3143 ct
982 3079 1033 3156 λίς
1060 3081 1173 3145 Auecd.
1202 3101 1231 3165 p.
1258 3079 1358 3146 1259.

250 3205 320 3248 nam
342 3184 392 3268 qui
413 3182 448 3248 ΙΙ.
469 3183 513 3252 Λ.
530 3181 605 3247 480.
630 3203 683 3266 pro
705 3182 760 3246 btv
781 3181 968 3265 scripserunt
988 3179 1059 3250 λῑν’
1081 3183 1240 3271 δαρικῶς,
1262 3184 1360 3247 auditi

249 3298 410 3359 nonsunt.
443 3285 641 3350 Accusativus
659 3283 710 3346 ille
727 3283 782 3348 λῖν
800 3282 912 3368 legitur
931 3285 1021 3349 etiam
1036 3286 1110 3350 Eur.
1127 3283 1238 3349 bacch.
1256 3283 1354 3349 1174.

249 3401 282 3454 et
301 3391 429 3454 Theocr.
453 3387 536 3452 Xlll.
561 3386 593 3452 6.
624 3398 767 3470 sequente
791 3388 946 3471 utrobique
967 3388 1066 3452 vocali
1089 3388 1172 3451 nullo
1196 3409 1262 3450 cnm
1285 3408 1358 3472 apo-

248 3491 363 3578 stropbi
385 3491 489 3577 signo,
522 3489 718 3571 similiterque
742 3501 798 3555 κῑν
819 3490 961 3553 scribitur
981 3491 1095 3555 Anecd.
1120 3511 1149 3575 p.
1175 3488 1270 3556 1232.
1300 3511 1358 3574 pro

248 3616 306 3679 quo
327 3591 547 3679 Lexicographi
568 3591 666 3655 nostri
693 3591 781 3654 tacite
807 3589 862 3659 κίν
883 3591 1068 3656 substituunt
1095 3602 1128 3655 nt
1155 3603 1186 3656 et
1207 3591 1356 3656 Herman-

248 3715 320 3760 nns.
335 3695 411 3779 apud
438 3693 609 3778 Euripidem
628 3691 692 3778 ,λίν
720 3695 827 3770 edidit,
867 3704 1025 3778 utrumque
1056 3697 1167 3760 contra
1190 3693 1357 3758 Herodiani

238 3978 334 4044 findo,
367 3977 459 4028 omisso
482 3977 564 4040 sigma
586 3978 744 4046 asymploco,
775 3983 805 4026 ut
819 3975 912 4042 fundu
936 3991 981 4042 pro
1003 3971 1148 4046 σφενδόνη,
1173 3975 1283 4042 sangae
1306 3991 1358 4054 prov

246 4062 377 4132 σφόγγον,
392 4063 467 4128 sallo
484 4078 531 4128 pro
547 4059 665 4128 σφάλλω.
701 4061 813 4112 Indidem
832 4068 890 4112 orta
899 4061 988 4126 fides,
1003 4061 1095 4126 fibra,
1110 4063 1240 4128 fimbria,
1254 4061 1351 4125 filum,

238 4151 323 4214 fllia,
356 4163 421 4214 quae
445 4162 537 4212 graece
560 4147 805 4213 propterrt'oliornm
828 4147 1022 4212 similitudinem
1037 4149 1137 4220 πτερίσ
1157 4147 1254 4198 dicitnr
1277 4141 1353 4203 aldae

244 4229 363 4304 βοτάνην
379 4227 475 4302 Ιόμσισν
491 4229 580 4300 πτερῷ
598 4231 680 4283 Schol.
701 4231 810 4285 Theoor.
829 4231 873 4285 111.
892 4233 918 4286 ³.
