2940 4894
257 301 341 376 ton
368 299 533 368 noune
564 297 738 366 uouos.
770 299 806 366 c.
827 299 873 368 11.
905 303 934 388 ς.
957 301 989 368 1.
1131 305 1200 372 sor

98 495 125 548 et
145 482 259 566 utrique
283 481 405 566 linguae
428 501 588 546 mmmune
611 478 705 557 πέλιξ
731 481 848 567 pelvis,
879 491 915 548 ut
938 477 1057 572 soilpop
1081 481 1197 568 poples,

95 579 237 676 Κύκλωψ
258 584 384 660 Cocles,
408 596 441 648 et
462 581 685 682 contra-odins
707 584 807 662 celer,
832 584 921 650 celox
936 583 999 672 ¹³),
1022 585 1128 670 quihus
1149 587 1198 652 in·

666 673 708 680 ...-

95 689 258 752 tervoniunt
279 687 357 752 aliae
372 687 534 753 'catalexcs
554 691 595 772 ηξ
616 697 648 750 et
667 689 707 762 αξ
727 678 858 763 cecilie}
878 680 1037 770 (moliole)
1057 684 1199 776 παλλήξ,

93 785 173 866 ὄλλιξ
193 784 309 878 ἅλληξ.
334 792 411 874 quod
432 790 534 874 Etpm.
552 790 595 854 M.
619 790 655 852 ah
677 784 833 856 oiilu'oco
857 790 986 854 arcessit
1006 791 1195 868 recordatus,

92 905 169 976 poto,
204 893 458 956 vestimentorum
487 913 562 976 quae
590 887 759 978 ἀλλῦξιμα
787 894 957 956 mutatoria
985 903 1134 957 vocantur
1161 915 1194 960 v.

92 995 181 1060 Reisk.
203 997 241 1060 ad
265 995 373 1060 Const.
398 995 506 1080 Porph.
533 1017 562 1079 p.
587 994 642 1060 43.
674 991 781 1082 φήληξ
804 1005 836 1058 ct
858 986 970 1082 ψήληξ
995 1015 1061 1058 cum
1089 995 1197 1083 φῆλος

92 1109 117 1161 et
133 1093 244 1184 ψιλός,
267 1109 304 1160 ut
325 1098 470 1174 creditur,
495 1109 623 1184 cognata
639 1101 701 1181 ¹⁴),
719 1091 851 1182 μα’λλυξ
872 1117 890 1162 a
908 1093 1038 1184 μαλλός
1060 1097 1194 1180 (mallo),

91 1196 174 1276 ςόλιιξ
201 1223 220 1265 a
249 1195 352 1275 τύλος
385 1201 558 1286 (utrumque
588 1199 758 1287 Hesychius
786 1198 921 1268 accoron
949 1199 1194 1288 iuterpretatur),

90 1488 232 1552 attrectem
265 1490 343 1540 immo
360 1503 439 1550 vero,
467 1487 491 1539 si
514 1496 610 1540 natura
634 1475 707 1540 nohis
729 1487 883 1540 concederet
904 1489 979 1542 olous
999 1483 1042 1541 dle
1058 1485 1132 1542 sione
1148 1491 1196 1542 sei

89 1579 200 1642 γέροντας
217 1567 250 1628 αὖ
269 1566 371 1637 πάλιν,
392 1575 524 1642 duplicata
542 1576 613 1625 vitae
631 1577 768 1642 spatia-
786 1575 906 1642 quonium
926 1575 1034 1641 simplex
1052 1573 1098 1626 vix
1115 1575 1194 1626 unios

89 1659 178 1724 linguae
194 1661 337 1726 cognitioni
355 1662 469 1727 suppetit
484 1689 520 1698 -
533 1661 675 1712 dividerem
691 1662 818 1727 utrisque.
846 1660 933 1727 Atque
950 1661 1012 1714 adeo
1031 1661 1057 1710 in
1072 1661 1121 1712 hec
1137 1661 1195 1726 ipso

89 1748 229 1802 tractatione
253 1763 335 1814 quum
359 1747 485 1798 insideret
508 1745 554 1798 ille
575 1747 638 1798 mihi
662 1748 800 1812 cogitatio,
827 1761 978 1812 graecorum
999 1747 1193 1808 vocabulorum,

88 1833 110 1882 io
124 1834 211 1900 quihus
229 1834 406 1894 haesitarem,
432 1833 645 1897 significationem
663 1849 696 1886 ex
714 1834 841 1884 senserito
862 1833 919 1884 erui
938 1849 1026 1899 posse,
1054 1832 1193 1884 communi·

89 1920 150 1980 ccvi,
176 1937 242 1986 qnae
267 1920 439 1984 collegeram,
466 1919 644 1988 monosyllaba
666 1935 724 1970 cuna
746 1920 804 1970 viro
828 1919 975 1972 doctissimo
999 1918 1028 1970 P.
1052 1919 1191 1970 aBohlen.

89 2004 108 2054 ls
123 2022 179 2057 vero
197 2005 326 2057 nonnulla
343 2006 445 2071 quidem
464 2006 490 2055 in
512 2013 620 2073 utroque
639 2021 756 2056 sermone
774 2005 870 2056 similia
888 2021 945 2056 esse
963 2020 1003 2056 mo
1021 2005 1124 2066 docuit,
1148 2019 1193 2058 ve-

88 2089 121 2141 lut
135 2089 189 2157 δρῦς
203 2091 276 2143 drus
291 2089 401 2156 (orbor),
420 2090 472 2158 μῦς
486 2087 582 2142 andsto
598 2091 674 2158 (ior),
692 2093 752 2160 μεθς
764 2088 858 2142 mdsos
873 2106 889 2142 a
903 2091 982 2142 verho
998 2087 1057 2142 mdc
1072 2091 1192 2157 (metiri),

88 2175 141 2244 βοῦς
157 2173 234 2239 onds,
256 2173 309 2240 λῦξ
328 2193 344 2228 a
361 2177 420 2229 loch
437 2177 553 2242 (lucere,
572 2175 688 2241 videre),
713 2180 771 2248 χείρ
789 2176 857 2228 hora
875 2175 973 2244 (propr.
995 2175 1118 2244 inciens),
1143 2169 1195 2242 νῦξ
1229 2207 1231 2213 ·

88 2265 135 2324 olo,
152 2261 218 2333 φρήν
232 2262 330 2331 praua
346 2261 465 2328 (anime),
483 2261 562 2332 γραῦς
579 2263 653 2328 ajro'
668 2264 723 2314 sive
742 2263 835 2313 deciri
850 2261 1008 2326 (senescere)
1025 2271 1077 2314 etc.
1098 2265 1143 2314 sed
1161 2265 1193 2316 de

89 2351 247 2402 controversis
266 2351 322 2402 illis
340 2343 415 2418 λα’ψ,
434 2346 527 2420 decipe,
546 2344 630 2412 ααῦξ,
652 2345 724 2416 Erip,
745 2345 792 2415 οὴς
815 2349 925 2416 aliisque
944 2349 1034 2399 moltis
1051 2348 1117 2400 nihil
1135 2365 1193 2416 pro-

89 2436 198 2488 nunciare
216 2452 301 2488 ausus
320 2443 375 2496 est,
395 2437 466 2486 etin
484 2436 636 2488 universum
654 2435 832 2503 monosyllaba
849 2435 1004 2486 sonscritica
1021 2450 1104 2500 pauca
1123 2451 1191 2498 esse,

30 2537 31 2546 ¹
88 2520 195 2588 pleraque
214 2521 318 2588 graecis
337 2522 517 2574 dissimillima.
546 2515 601 2586 Θὴς
619 2521 770 2572 conferebat
786 2521 928 2586 cnmdhas
943 2520 1066 2586 (positus)
1082 2520 1193 2574 fortuito

88 2606 187 2659 incidens
205 2610 232 2659 in
251 2609 404 2660 Buttmanni
422 2609 534 2672 vestigia
553 2623 642 2658 nomen
661 2605 727 2658 illud
745 2623 761 2657 n
778 2610 891 2662 τιθέναι
908 2607 1059 2672 repetentis.
1094 2605 1157 2658 Mihi
1176 2621 1194 2660 a

88 2685 142 2746 doio
158 2696 306 2747 derivatum
325 2696 442 2760 idemque
461 2693 528 2760 qnod
546 2683 616 2756 doio
637 2693 662 2744 id
681 2701 722 2744 est
740 2693 859 2744 assecula
877 2691 1023 2757 significare
1041 2691 1192 2755 videbatur,

89 2781 148 2844 puio,
165 2789 194 2832 et
210 2781 371 2833 Aristoteles
389 2782 437 2841 ait,
457 2772 560 2834 πῦςαις
577 2775 606 2833 oi
621 2771 733 2832 κῦλαιιις
749 2781 874 2846 θητικοῦ.
902 2777 1049 2848 Hesychius
1068 2774 1193 2846 Θὴααντο

88 2860 256 2934 lucipetas,
280 2859 388 2934 Θὴαατα
405 2859 552 2932 idcircone,
574 2862 715 2933 Θηπαλέας
731 2861 900 2932 βωμολόχος.
936 2863 1026 2931 Neque
1044 2872 1129 2916 temen
1148 2879 1192 2916 ex·

89 2949 158 3013 cludo,
177 2955 244 3020 qnod
263 2954 293 3004 in
307 2952 432 3019 Aglaoph.
447 2969 472 3019 p.
489 2953 566 3004 1319.
585 2952 669 3020 posui,
688 2952 806 3004 denotari
823 2953 870 3004 hoc
889 2951 989 3004 nomine
1008 2967 1065 3002 eum
1084 2951 1129 3018 qui
1147 2967 1191 3020 pu·

89 3037 171 3100 scitur,
190 3035 242 3093 τόν
261 3040 377 3106 depacta
395 3038 423 3104 (a
439 3038 518 3090 verbo
536 3040 633 3105 θρέπω
652 3025 709 3088 sive
726 3033 830 3106 d‘poirnu
848 3038 866 3088 i.
885 3053 908 3090 e.
927 3041 1031 3108 epium,
1049 3033 1170 3108 αρᾰφιι.)

146 3142 187 3208 ld)
203 3141 329 3194 Forsitan
349 3129 527 3193 eodemmodo
544 3142 685 3194 cohaerent
701 3141 773 3192 veles
790 3141 882 3200 velox,
907 3140 989 3192 sollus
1007 3141 1094 3202 solox,
1119 3140 1192 3193 ierus

89 3221 162 3288 ieron,
186 3237 245 3280 ster
264 3227 362 3294 (atros)
380 3234 465 3278 atrox.
503 3219 644 3289 ln'senex,
660 3226 754 3292 jonis,
777 3226 879 3287 struis,
902 3227 1013 3294 pistrix,
1037 3241 1114 3296 saepe
1132 3227 1192 3280 suh·

88 3313 148 3364 teuit
164 3315 257 3378 sigma.

144 3416 184 3483 14)
207 3415 354 3468 incertiora
376 3423 439 3468 sunt
460 3415 570 3486 βέμβηξ
591 3431 618 3467 u.
646 3414 778 3468 Schaeler.
802 3413 891 3468 Melet.
915 3431 941 3483 p.
963 3415 1023 3471 112.
1046 3411 1144 3478 mllio}
1165 3422 1193 3466 et

88 3493 157 3564 φὴλιξ
179 3504 247 3569 apud
271 3501 436 3570 Hesychinm.
474 3501 543 3553 idem
566 3498 695 3568 Βανῆιιας
717 3504 845 3570 γυναῖκας
868 3503 991 3554 Βοιωτοί
1015 3507 1043 3552 et
1066 3502 1194 3553 Γοίναιιας

87 3580 203 3651 βὶαατοί,
227 3595 368 3654 utrumque
387 3604 403 3638 a
422 3587 590 3658 ylowsleo,
617 3587 685 3638 nude
707 3583 772 3654 γυνή
795 3587 936 3648 aeolicum,
964 3592 994 3638 ut
1012 3585 1192 3650 Theuprostus

89 3671 158 3723 tradit
174 3674 200 3724 in
217 3675 317 3726 Aoecd.
337 3673 423 3726 Crem.
443 3674 475 3726 11.
495 3675 538 3726 88.
559 3690 605 3742 pro
623 3666 690 3742 γονή
708 3673 751 3739 (nt
767 3669 843 3742 ῦρχη)
865 3673 892 3724 id
910 3679 951 3725 est
968 3671 1079 3732 femina,
1101 3669 1193 3738 roccis,
1222 3671 1225 3684 ¹

88 3765 167 3810 venus.
196 3759 286 3812 Sullae
304 3776 441 3824 cognomen
457 3760 548 3821 Felix,
567 3760 634 3826 quod
651 3755 745 3810 Graeci
763 3760 886 3810 dixerunt
902 3753 1089 3825 inoppidatos
1106 3756 1133 3806 id
1151 3764 1193 3808 est

88 3849 217 3907 venustus,
237 3853 268 3897 ut
285 3846 396 3897 fidustns
414 3853 545 3907 vetustus,
565 3845 638 3896 eleo
656 3845 776 3906 ductum,
797 3846 865 3896 unde
884 3843 958 3896 lenus
975 3836 1083 3910 (cinos),
1103 3841 1191 3894 lecnn·

88 3924 137 3978 dns.
163 3931 282 3996 Mirabile
301 3940 341 3984 est
359 3933 509 3983 Buttmanni
527 3937 696 3984 commentum
713 3927 807 3999 γῦναιξ
824 3937 985 3981 contractum
1004 3943 1061 3980 esse
1079 3944 1112 3980 ex
1127 3921 1193 3999 γυνή

88 4017 111 4061 θῑ
126 4009 235 4082 etevat,
260 4019 336 4084 quasi
358 4015 454 4086 γῦααιξ
472 4015 619 4087 Wes'hshe'ld
636 4015 749 4070 Gnarum.
769 4015 788 4068 Ι.
809 4017 870 4072 223.
906 4015 931 4066 Α
952 4011 1016 4084 γυνή
1039 4015 1192 4084 producitur

87 4096 169 4167 litii,
187 4111 217 4155 ut
232 4104 263 4154 eh
283 4105 380 4156 aeolico
395 4094 472 4174 βαίνα
485 4101 584 4174 poesie,
603 4119 618 4154 o
631 4095 740 4172 μῦρμας
753 4097 873 4172 μύρμηξ,
891 4101 924 4156 ab
939 4095 1051 4156 oilwrcdc
1065 4095 1192 4168 ἀλώπηξ.
1225 4113 1228 4121 ’

89 4178 220 4242 locotione
237 4206 373 4243 consonum
391 4189 534 4244 osciticimn
552 4189 651 4242 omittit
668 4197 699 4242 ot
715 4185 780 4244 ῦαα.
