2926 4886
1 355 2 424 ι
103 444 109 459 .
241 340 311 416 194
586 345 909 412 ntssuurhrto
938 347 1003 414 lll.

238 526 395 619 βρεφέαν
411 523 593 594 πολλῶν’
566 529 679 612 είρενα
697 524 836 612 μέσσαν
856 527 915 596 ναὶ
931 529 1043 598 ταῦτα
1059 557 1111 619 μη
1133 534 1274 622 ἔχοντος
1294 530 1357 602 uci-

237 657 301 700 τον
287 626 498 717 οῶέετέροα
514 619 871 718 παρασχηματισμέν,
879 633 959 706 ἴσως
977 632 1087 700 decl
1048 660 1087 700 το
1103 635 1233 722 μέτρον
1248 638 1370 707 Schol

237 736 387 801 Theodos.
405 733 519 796 Aneed.
538 755 568 817 p
587 729 681 796 1138.
707 731 882 796 Callimachi
901 757 1022 813 versus,
1044 759 1133 820 quem
1149 735 1354 806 Blomlieldius

237 840 358 924 Fragm.
381 837 421 902 N.
445 834 520 901 497.
549 857 590 898 ex
615 835 680 899 solo
706 836 835 900 hascere
861 837 1011 918 edidit,
996 861 1034 916 ¹111
1056 840 1171 905 Aneed.
1197 843 1300 908 Crem.
1324 843 1351 907 Ι.

236 942 313 1008 413.
338 942 383 1006 sic
400 939 530 1022 scriptus
553 948 601 1002 est
621 933 696 1004 ἀλλ’
718 935 796 1006 α’ντλ
816 940 972 1027 βρεφέων
993 938 1115 1010 πολιὸν
1134 943 1215 1010 νέον
1237 947 1353 1031 εἴρενα

236 1046 383 1134 μέσσον,
409 1043 493 1126 isque
516 1042 742 1126 conjungendus
765 1043 886 1108 videtur
908 1065 975 1107 cum
997 1043 1118 1130 Fragm.
1144 1045 1219 1111 304.
1242 1049 1352 1134 μητέ-

235 1173 298 1236 ρας
318 1145 520 1226 theutonem
543 1136 749 1231 έκοῶφισσῶν
770 1169 808 1211 τε
828 1141 977 1233 τιθήνας
983 1197 994 1227 ,
1024 1148 1101 1231 qood
1126 1147 1178 1213 ille
1202 1154 1258 1217 ἐπὶ
1281 1151 1353 1219 τῶν

234 1247 463 1336 ἀπολομένων
491 1245 626 1332 νηπίων
652 1247 730 1312 dixit
759 1269 790 1311 v.
816 1247 945 1334 Gregor.
974 1249 1075 1314 Schol.
1101 1251 1134 1314 in
1157 1253 1299 1339 Hermog.
1324 1255 1349 1319 l.

236 1353 332 1418 1133.
357 1353 393 1416 Τ.
419 1351 484 1415 Vll.
509 1363 540 1416 et
563 1373 631 1414 cum
651 1351 771 1434 Fregm.
795 1350 872 1418 200.
896 1354 996 1418 Beull.
1025 1353 1082 1420 καὶ
1102 1348 1203 1442 γένος
1225 1357 1352 1442 αἰζηῶν

235 1461 333 1545 έμραε
355 1450 561 1542 κηδεμόνας,
583 1453 634 1538 qui
656 1475 764 1517 versus
786 1453 912 1520 affertur
933 1457 966 1520 in
990 1457 1090 1522 Schol.
1114 1459 1151 1525 ad
1174 1457 1209 1520 ll.
1231 1459 1270 1525 Φ.
1294 1459 1348 1524 12.

235 1565 288 1626 sed
309 1561 408 1624 reciso
432 1559 576 1642 principio
602 1555 638 1629 ὃς
662 1556 788 1642 αἰζηῶν
812 1561 911 1645 ε’·’μραε
935 1559 1143 1646 αηιλέμονας,
1175 1563 1252 1644 quuod
1273 1563 1350 1626 hlei-

233 1664 343 1728 nekius
364 1665 401 1726 ad
422 1661 624 1744 Menandrp
628 1658 735 1723 .123.
761 1660 806 1724 ite
826 1663 990 1726 restituere
1013 1673 1139 1726 conetur
1162 1665 1289 1748 αληρον
1312 1657 1351 1738 ὅς

232 1765 368 1854 αἰζηῶν.
412 1763 486 1830 luti
508 1785 582 1828 vero
605 1763 636 1825 hi
657 1784 766 1827 versus
788 1763 832 1827 sio
855 1767 986 1850 conjung
967 1767 1055 1829 uendi
1078 1765 1237 1831 videntur·

317 1859 409 1938 Ἀλλ’
430 1863 508 1935 ἀντὶ
529 1865 685 1954 βρεφέαν
706 1865 843 1934 πολλῶν
863 1867 974 1934 πολῶν
995 1865 1099 1956 εἴρεν’
1120 1863 1193 1956 ῶμη
1182 1889 1267 1955 μιαν

316 2073 467 2163 μητέρας
489 2072 728 2152 έξεκένιοοανέ
730 2068 921 2160 κοῶφιοσαν
943 2101 980 2141 τε
1001 2072 1149 2161 τιθήνας

398 2177 456 2244 ecl
476 2171 555 2266 νόος
577 2174 701 2261 αἰζηῶν
722 2181 820 2265 ένραο
841 2173 1032 2264 κηδεμόνας

229 2283 261 2348 id
282 2273 331 2346 est
351 2303 405 2366 pro
427 2279 531 2344 multis
552 2281 735 2356 insentibus,
765 2301 840 2364 quos
863 2280 964 2344 hostes
987 2281 1178 2361 occiderent,
1209 2282 1345 2348 τὶοἰεείιι

229 2385 343 2451 multos
361 2405 472 2470 pueros
493 2385 723 2448 demessuerunt
744 2395 804 2448 ete.
828 2395 862 2447 ut
883 2383 1009 2448 Nonnns
1026 2384 1160 2448 XXXV.
1178 2383 1254 2452 267.
1280 2411 1345 2454 σα-

226 2480 353 2574 τῶροος
368 2485 550 2554 κτείνοντα
566 2486 624 2552 ναὶ
640 2481 804 2571 ῶμῶοντα
822 2499 987 2573 νοναῖαας
1004 2508 1036 2550 v.
1052 2487 1179 2553 Siehelis
1196 2489 1234 2551 ed
1249 2489 1341 2556 Pecs.
1380 2529 1406 2567 χ

228 2591 310 2656 Vlll.
332 2590 364 2670 7,
382 2588 457 2657 223.
493 2589 598 2684 Neque
620 2591 752 2655 alienum
774 2589 868 2655 luerit
888 2583 1031 2656 ὄλεσσαν
1052 2589 1197 2654 scribere.
1229 2593 1344 2678 Εἵρην

227 2705 452 2782 paroxytonum
479 2704 527 2786 ομ
552 2692 704 2756 Plutarch.
730 2691 769 2756 V.
795 2693 870 2779 Lyc.
895 2691 993 2776 XVll.
1024 2693 1125 2778 Etym.
1150 2693 1193 2756 hl.
1222 2693 1339 2761 Auecd.

226 2797 350 2863 Bechm.
374 2795 412 2860 ll.
437 2794 512 2860 335.
537 2795 652 2858 Anecd.
676 2793 772 2859 Bekk.
796 2818 825 2880 p.
852 2793 947 2860 1198.
976 2797 1054 2878 quod
1076 2795 1208 2860 sirecte
1230 2817 1264 2860 se
1288 2797 1341 2861 he-
1461 2803 1462 2810 ’

226 2903 294 2976 het,
326 2897 527 2964 Callimachus
548 2900 643 2985 εἴρην
665 2921 718 2983 pro
741 2899 889 2984 adjectivo
912 2899 1050 2966 hahuisse
1073 2898 1193 2963 videtur
1217 2911 1252 2964 ut
1273 2893 1340 2987 cip·-

201 3025 292 3089 μην
314 3012 346 3067 ct
365 3001 477 3088 τέρην,
499 3023 575 3086 quoe
598 3013 710 3066 neutro
728 3023 841 3086 genere
864 3023 925 3064 ιιοιι
947 3011 1071 3078 cerent3
1102 2997 1141 3067 cd
1160 2993 1265 3089 ῶροιν
1283 3004 1341 3091 νέ-

224 3127 286 3180 νος
307 3105 382 3168 Eur.
407 3105 484 3168 Bon.
509 3105 560 3168 Fr.
586 3103 652 3170 Vll.
676 3104 708 3168 3.
733 3101 861 3190 Σηρίας
881 3103 1000 3192 τέρενα
1022 3103 1175 3190 τέρματα
1197 3107 1263 3172 sivo
1285 3130 1340 3192 po-

223 3209 286 3273 tius
312 3207 471 3296 φέρματα
494 3207 707 3329 Melanippides
732 3207 843 3271 Athen.
866 3206 951 3270 XlV.
978 3204 1054 3272 651.
1078 3208 1113 3272 F.
1160 3209 1218 3273 Sed
1244 3210 1340 3275 Scho-

223 3312 343 3378 liastam
366 3312 528 3379 Theodosii
550 3303 645 3396 εἰρην
666 3311 823 3394 scripsisse
849 3331 911 3374 non
934 3311 1045 3396 εἴρην,
1076 3323 1199 3398 upperet
1224 3333 1266 3379 ex
1287 3334 1338 3377 re·

224 3417 295 3502 gula
317 3437 392 3501 quae
415 3425 462 3479 est
484 3417 520 3479 de
543 3415 699 3498 oxytonis.
744 3413 849 3497 Neque
872 3413 928 3476 hoo
950 3412 1046 3476 solum
1069 3431 1123 3497 per
1145 3438 1221 3488 ενος
1244 3415 1337 3480 decli·

223 3531 314 3584 uetur
338 3519 391 3583 sed
413 3529 444 3582 et
465 3529 600 3604 oxytono
622 3510 727 3602 οἷρήν,
757 3538 860 3609 equo
876 3516 979 3601 Etym.
1003 3515 1045 3579 M.
1070 3513 1146 3596 377,
1170 3510 1273 3583 22.’
1250 3541 1339 3604 αρη-

220 3618 388 3710 νοβοσαές
411 3620 606 3705 compositum
629 3619 711 3697 dicit,
736 3619 813 3684 hene
833 3595 1062 3684 declinationem
1085 3621 1221 3704 assignet
1238 3619 1337 3706 Phry·
1461 3683 1462 3710 p

223 3724 330 3790 nichus
351 3723 438 3846 App.
451 3722 537 3808 p.7,
563 3716 667 3785 11.'
644 3745 732 3808 αρην
759 3745 797 3788 το
823 3747 886 3788 τον
873 3715 1131 3810 ”προβατον’
1118 3729 1262 3844 εἠγονον
1291 3721 1337 3798 ῶς

220 3819 343 3914 λιμήν,
364 3819 477 3912 νμήν,
504 3837 535 3889 et
556 3825 622 3889 lieri
644 3825 717 3888 adeo
737 3836 838 3941 potest
859 3835 893 3890 ut
914 3820 1008 3912 εἰρην
1031 3833 1063 3890 et
1084 3818 1172 3913 αρη’ν
1194 3839 1254 3891 tem
1278 3828 1343 3893 sihi

221 3931 284 3996 sint
305 3931 403 3994 affinia
425 3950 512 4012 quam
525 3927 654 4012 juvenis
676 3937 707 3998 et
718 3927 840 4011 jurator,
868 3931 952 4020 eujus
974 3929 1147 4026 persimile
1150 3952 1260 4000 nomen
1283 3952 1336 4018 ep·

220 4033 305 4118 ponit
326 4030 494 4116 Hesychius
515 4024 649 4117 Ἐρινοές
676 4031 820 4118 (ἔ)ρινας
846 4033 926 4107 νέας
950 4033 1054 4123 plocio
1094 4035 1159 4106 Huc
1186 4035 1336 4098 accedunt

220 4137 279 4199 duo
305 4133 374 4207 τῶν
401 4133 744 4220 αοινολεντοομέναν.
788 4133 965 4219 Apollonius
986 4137 1022 4201 de
1045 4135 1137 4204 Pron.
1161 4159 1191 4222 p.
1217 4135 1272 4202 34.
1297 4137 1333 4207 Β.

218 4233 242 4324 η’
257 4234 399 4326 αῶχένος
417 4230 607 4322 παράλογός
626 4241 728 4304 ἔστιν.
751 4237 874 4303 Photius
885 4249 924 4303 et
938 4240 1051 4304 Aneed.
1069 4239 1166 4306 uotk.
1183 4239 1261 4316 342,
1277 4238 1334 4305 211.
