2940 4894
241 321 292 392 σε
472 327 476 336 ’
513 375 514 378 ¹
598 261 917 396 uissuurtrro
946 319 992 386 u.

243 500 368 570 Boeotio
380 499 422 566 N.
441 498 536 568 1569.
559 501 592 566 ἐι
609 501 740 586 saepius,
763 499 965 568 nominativus
984 496 1065 588 μείς
1082 499 1157 586 apud
1173 499 1352 579 Hesiodum,

243 604 415 680 Pindarum,
439 603 590 667 Platonem
607 603 685 670 Tim.
706 625 737 688 p.
755 601 808 668 39.
827 602 863 666 G.
887 602 1085 688 Theophrast.
1105 604 1142 666 do
1156 603 1240 687 Siga.
1257 604 1349 668 Pluu.

243 705 269 770 l.
295 705 346 773 12.
372 705 410 770 ll.
434 705 467 768 2.
497 705 580 768 scot.
604 705 670 770 Ecl.
694 705 719 768 1.
742 705 796 772 27.
819 705 852 790 ‚pL
877 703 951 768 556.
979 691 1069 788 ’(ιιιοΙε
1090 717 1168 790 μεῖς
1188 703 1351 791 scriptum)

242 807 350 872 'factm
370 806 481 872 Anteb.
501 805 555 872 80.
579 807 726 891 aliosque,
749 804 831 884 Ζεές
853 828 906 890 pro
927 801 1005 893 Ζήν
1026 807 1058 870 iu
1080 829 1200 872 nummo
1222 829 1351 894 syracu-

241 929 330 974 εοοο.
370 908 548 980 lmaecentu
570 909 644 973 baec
665 908 809 974 vocabula
829 909 886 974 sibi
908 919 1059 984 coustant,
1081 909 1140 974 uisi
1163 911 1238 993 quod
1259 905 1352 982 αλεές

242 1011 468 1074 circumflexum
490 1011 578 1076 habet
598 1011 630 1075 iu
651 1011 779 1074 Aristot.
799 1010 898 1074 Probl.
919 1009 1038 1074 XXIX.
1064 1010 1116 1074 14.
1140 1033 1169 1095 p.
1188 1009 1265 1086 952,
1288 1008 1348 1076 21.

243 1111 328 1176 etin
351 1113 435 1176 codd.
455 1111 547 1176 Laur.
571 1122 603 1176 ot
624 1113 719 1176 Paris.
738 1111 854 1176 Nicom.
876 1111 913 1176 V.
938 1113 970 1177 2.
994 1135 1024 1197 p.
1046 1111 1141 1189 1129,
1164 1109 1218 1178 30.
1243 1121 1376 1202 contra¹

244 1213 510 1281 Grammaticorum
532 1225 722 1298 praeceptum
744 1210 844 1281 οῦδὲν
866 1217 913 1288 εἰς
933 1201 982 1290 ἐις
1002 1211 1266 1303 μονοσύλλαβον
1286 1241 1356 1282 πε-

242 1316 405 1401 ρισπῦται
426 1319 457 1383 εἰ
476 1311 526 1402 μή
548 1313 587 1382 τέ
609 1315 657 1390 εἷς
677 1317 792 1380 Aueod.
814 1316 914 1380 Coum.
938 1316 962 1380 t.
988 1316 1061 1380 171.
1086 1317 1178 1402 Regg.
1199 1318 1285 1382 Pius.
1306 1315 1351 1381 N.

28 1460 34 1478 .
113 1486 122 1496 Χ
245 1417 319 1483 127.
344 1441 373 1504 p.
397 1416 471 1484 450.
491 1418 609 1498 ‚Eustb
633 1416 709 1493 857,
734 1416 788 1482 40.
820 1439 917 1502 neque
945 1421 1022 1502 quod
1048 1419 1079 1483 iu
1108 1420 1228 1484 diastasi
1254 1420 1355 1506 αληΐς

243 1520 352 1586 dicitur
380 1515 487 1602 (κλῦϊς
512 1520 658 1584 aeolicum
688 1523 766 1602 est),
799 1520 1054 1586 extra-diastasin
1077 1523 1255 1607 barytcuum
1280 1541 1354 1586 esse

242 1632 359 1705 potest3
392 1624 492 1706 itaque
516 1624 604 1686 etiam
627 1621 750 1688 atticum
773 1614 852 1712 ιιλῄς
875 1621 1027 1686 scribitur.
1057 1659 1098 1671 —-
1138 1619 1190 1692 Τοὶ
1218 1627 1265 1698 εἰς
1287 1610 1353 1698 Ue

242 1715 390 1810 λήγοντα
407 1717 562 1808 ὀνόματα
578 1717 737 1811 α’ρσενινοέ
755 1726 822 1790 εἴτε
837 1719 1082 1812 μονοσύλλαβα
1099 1727 1167 1792 εἴτε
1182 1723 1268 1812 ῦπέρ
1285 1719 1352 1792 duic

191 1829 193 1834 ’
243 1825 414 1913 σνλλαβιές
445 1821 585 1892 ἅπαντα
620 1818 815 1906 όξῦνονται,
856 1819 1012 1912 δηλονότι
1041 1822 1353 1914 ιιοινολειιτοῦμενοι

151 1951 153 1966 ¹
242 1927 318 2010 (nou
339 1927 454 1992 aeolica
474 1938 509 1992 ut
528 1924 682 2014 Πήλενς,
698 1921 834 2016 Ἄρεος)
854 1922 962 2008 Zetis,
987 1926 1073 2004 Φεῦς
1094 1929 1167 2014 (εἰσ)
1189 1922 1353 1998 ὁΔιόνν-

242 2052 318 2109 σος,
344 2023 442 2104 Νεῦς
463 2024 574 2117 ὄνομα
596 2030 774 2116 ποταμοῦ,
800 2026 907 2108 Δνεῦς
929 2027 1041 2119 ὄνομα
1062 2027 1191 2106 πόλεως
1212 2037 1249 2098 ἐν
1269 2034 1352 2102 Λν-

241 2129 314 2217 ιιίᾳ,
337 2135 428 2200 ἔνθα
448 2124 622 2219 οἷνετρῦφη
641 2129 850 2220 ἤΧίμαιρα,
874 2127 949 2209 σεῦς
970 2133 989 2201 ὁ
1008 2127 1144 2221 σκώληξ.
1178 2133 1227 2202 Τὸ
1246 2129 1355 2222 φλεῦς

242 2233 316 2320 (sic)
338 2235 395 2302 ναλ
416 2230 514 2310 Νοῦς
540 2231 582 2301 οῦ
604 2232 740 2321 συνήθη
768 2251 840 2312 τοῖς
855 2233 1012 2324 Ἕλλησι·
1047 2234 1086 2302 τῦ
1108 2235 1144 2304 db
1166 2231 1243 2311 σεῦς
1268 2236 1352 2306 οῦδὲ

241 2339 280 2402 έν
300 2333 413 2426 χρήσει
433 2334 519 2406 couci
542 2336 607 2426 τήν
627 2333 779 2406 εῦθεῒαν.
823 2335 1027 2425 Πρόςνειτοιι
1048 2334 1207 2424 οἷρσενικιέ
1231 2339 1285 2408 dcci
1309 2338 1352 2412 cd

240 2440 321 2517 νεῦς
342 2441 397 2508 aot
418 2440 516 2530 γρεῦς
537 2436 779 2535 περισπώμενοι
801 2441 902 2526 Etym.
926 2443 968 2506 tt.
993 2439 1072 2518 189,
1095 2441 1150 2508 39.
1195 2443 1259 2508 Ηοο
1280 2443 1353 2508 1οσο

239 2540 346 2618 Φλεῦς
364 2543 506 2630 (Floram)
525 2567 579 2630 pro
598 2538 681 2632 φεῦς
698 2544 788 2609 scribi
807 2555 946 2629 oportere
964 2545 1131 2629 significavi
1151 2545 1184 2610 in
1198 2544 1350 2630 Aglaopb.

239 2666 270 2731 p.
283 2643 359 2711 4⁰2.
375 2631 512 2731 idemque
528 2669 637 2714 nomen
651 2647 779 2712 Arcadio
797 2647 1014 2710 restituendum
1029 2667 1083 2733 pro
1100 2639 1211 2734 φθεῦς
1226 2669 1255 2732 p.
1271 2647 1351 2726 125,

239 2745 295 2814 26.
318 2748 369 2814 ubi
391 2741 446 2822 οῦς
468 2759 499 2814 et
520 2743 577 2824 εῦς
598 2750 813 2833 subrepserunt
832 2770 887 2833 pro
908 2745 1004 2824 Νεῦς
1026 2761 1057 2814 et
1076 2751 1166 2824 νεῦς.
1201 2749 1350 2814 Herodia-

240 2870 298 2914 nus
324 2873 363 2916 π.
386 2851 480 2918 Μον.
508 2874 537 2936 p.
562 2850 595 2916 6.
627 2848 666 2918 τέ
693 2847 791 2925 Νοῦς
818 2851 875 2918 ἐπὶ
901 2851 1062 2938 ποταμοῦ
1089 2849 1265 2938 κείμενον,
1303 2849 1353 2927 ῦς

240 2975 323 3040 φησι
344 2951 478 3044 Φιλέας,
507 2949 765 3040 οἷπεξεναμένον
786 2956 873 3019 ἐστι·
904 2953 942 3020 τὸ
965 2955 1001 3022 dt
1022 2951 1107 3030 detio
1129 2959 1164 3021 ἐκ
1187 2955 1353 3022 συναλοι-

191 3121 193 3128 s
240 3054 308 3142 φῆς
326 3057 397 3120 ἐστι
416 3053 603 3142 ποιητικόν,
625 3054 663 3123 τὸ
681 3055 717 3124 δέ
739 3048 795 3129 οῦς
817 3049 885 3124 cino*
904 3050 1087 3145 α’νοιλογιοῖς
1105 3053 1351 3144 πλασσόμενον

235 3157 388 3243 (adverbii
409 3152 473 3244 οῦ),
495 3156 532 3225 τέ
554 3159 592 3226 dt
613 3150 695 3246 φεῦς
716 3157 773 3224 ἐπὶ
790 3153 960 3228 Διονῦσον
978 3159 1138 3247 κείμενον
1155 3156 1236 3228 καθ’
1254 3166 1352 3228 ἕστο-ι

238 3257 318 3347 ρίαν
347 3261 439 3328 ἐστὶν
466 3261 664 3348 εἰρημένον*
701 3258 740 3326 τὸ
769 3258 805 3326 dt
830 3259 904 3347 μῦν
933 3261 1006 3350 (sio)
1035 3260 1133 3338 δνεῦς
1161 3263 1348 3352 χειμέρραν

237 3355 358 3453 ῦγριον
379 3358 552 3452 ὀφλήσεις,
576 3353 731 3432 acuendo·
762 3363 903 3442 brocost,
930 3376 965 3430 ut
985 3365 1132 3442 arbitror,
1160 3363 1267 3440 Δνεῦς
1291 3387 1348 3430 σοι

237 3489 308 3533 men
335 3467 521 3552 gentilicium
549 3479 597 3532 est
623 3467 770 3552 proditum
797 3466 830 3530 in
854 3477 959 3536 vetere
981 3469 1140 3553 proverbio
1165 3467 1216 3556 μα’
1237 3465 1349 3544 Aoede
1448 3541 1456 3558 ι

237 3568 421 3658 Χίμαιραν
438 3569 607 3658 ἐκτρέφον
626 3565 732 3661 ῦφλγς
750 3569 898 3658 βλάβην,
919 3591 969 3646 σι,
991 3580 1029 3634 ut
1040 3571 1349 3646 Diam-cumam

239 3671 401 3738 educanda
429 3675 543 3738 malum
571 3673 631 3737 tibi
657 3693 818 3748 νναοεεασς
858 3695 926 3740 uam
955 3673 991 3738 de
1022 3673 1078 3738 hac
1109 3685 1234 3740 excetra
1262 3674 1348 3742 votet
1462 3717 1463 3726 ι

238 3794 325 3858 quam
346 3777 495 3854 maxime,
530 3777 613 3861 quod
628 3773 798 3863 Aeschylus
826 3775 915 3852 dicit,
950 3773 991 3842 οῦ
1014 3769 1055 3863 δή
1083 3800 1134 3852 τις
1159 3776 1222 3846 αἶα
1247 3772 1350 3844 τοῦτ’,

152 3911 154 3918 v
236 3871 413 3969 ἐπεύχεται
437 3879 535 3967 γένος
558 3874 721 3965 τρέφονσ’
753 3875 872 3946 α’νατελ
894 3876 944 3965 μή
969 3879 1190 3966 μεταστένειν
1215 3870 1347 3948 πόνων.

238 3978 315 4044 Hinc
336 3982 546 4066 corrigendum
568 3973 674 4056 Δνεῦς
696 3975 810 4068 ὄνομα
830 3974 960 4057 πόλεως
981 3987 1018 4050 έν
1037 3981 1151 4070 Λυκίᾳ
1174 3983 1207 4046 iu
1224 3981 1343 4046 Anecd.
1462 3975 1463 3994 ¹

237 4103 268 4166 p.
285 4081 382 4148 1965.
405 4083 455 4146 ubi
474 4095 506 4148 et
524 4085 624 4150 ionica
641 4083 741 4172 γραῦς
762 4095 794 4149 et
811 4084 890 4160 νεῦς
907 4086 1076 4152 afferuntur
1097 4109 1125 4171 p.
1143 4082 1238 4152 1236.
1259 4077 1347 4158 Δεῦς

237 4205 293 4270 pro
314 4179 405 4272 Ζεῦς
430 4187 488 4252 dici
513 4186 706 4255 Grammatici
730 4197 908 4293 testantur.
929 4189 982 4256 sed
1005 4184 1082 4265 λεῦς
1109 4188 1139 4256 id
1162 4197 1210 4254 est
1233 4184 1350 4269 λίθος,
