2940 4894
244 315 314 384 ιοο
479 297 482 310 “
563 297 566 305 ’
606 303 995 380 nussnarnrmu.

244 447 343 572 πόαν,
357 483 498 578 ταύτην.
540 489 605 556 Neo
627 440 747 555 dubium
770 491 842 576 quin
863 481 1008 576 πῶλυψ,
1039 513 1097 577 quo
1119 429 1254 578 hiphilcs
1278 495 1369 580 Siph-

244 598 313 662 nius
336 596 432 660 utitur
452 593 565 658 Athen.
590 593 671 658 Vlii.
695 591 772 657 356.
796 594 832 660 Ε.
861 615 902 658 ex
924 595 1035 658 usitato
1056 587 1219 670 κόλακος
1241 609 1369 662 contra·

245 710 326 764 otum
349 698 409 773 sit,
441 697 528 778 ἔλοψ
550 694 626 760 Poll.
655 693 707 758 VI.
733 692 788 760 50.
817 716 859 760 ex
885 696 1029 782 ἔλαφος,
1059 699 1136 781 quod
1159 700 1293 784 ejusdem
1315 710 1370 764 est

141 814 146 822 ’
245 822 355 866 nomen
377 799 481 884 piscis,
505 819 541 865 ao
562 797 676 882 pariter
696 793 772 883 λιόψ
794 819 836 862 ex
858 797 971 872 ioiacoc
991 821 1024 862 v.
1049 799 1084 864 C.
1100 799 1124 864 Ι.
1145 802 1174 886 §-
1192 799 1244 864 11.
1261 793 1371 888 ‘specie

243 893 450 990 exoptantis
475 899 607 986 iiesyoh.
633 911 733 964 ortum
755 901 813 964 dici
835 911 945 985 potest.
985 902 1050 965 ·Sed
1069 903 1116 965 ue
1135 903 1237 968 multis
1262 916 1370 968 tamen

169 1061 171 1070 ,
246 1005 421 1090 ambigitur,
446 1013 546 1067 utrum
568 1003 704 1066 detractu
726 1003 840 1067 vooahs
854 1003 1022 1079 imminuta,
1046 1025 1085 1068 an
1100 1005 1281 1089 interpositu
1299 1027 1369 1068 am·

244 1108 374 1193 pliiioata
401 1105 475 1169 sint.
519 1103 596 1168 Nam
627 1103 673 1179 si,
705 1125 780 1188 quac
809 1107 971 1170 maximam
1001 1105 1199 1191 simplicitatis
1229 1108 1368 1192 speciem
1401 1105 1404 1113 ’

245 1210 367 1284 hahent,
395 1209 498 1272 eadem
519 1205 734 1290 antiquissimis
757 1217 788 1270 et
808 1208 993 1294 primigeniis
1015 1209 1207 1272 adnumerari
1230 1219 1367 1293 oportet,

249 1333 366 1378 summe
389 1320 624 1404 consentaneum
647 1308 779 1386 videtur,
809 1331 919 1374 nomen
940 1303 1074 1397 βότρυς,
1096 1321 1131 1376 ut
1152 1312 1207 1376 hoo
1229 1323 1312 1389 utar,
1348 1333 1370 1376 a

244 1415 338 1499 stirpe
357 1412 570 1476 ‘intermortua
598 1411 736 1494 proxime
767 1411 893 1492 abesse,
925 1413 994 1478 hino
1023 1415 1154 1478 secundo
1185 1415 1274 1498 quasi*
1293 1424 1369 1478 satu

131 1541 133 1548 ·
243 1515 408 1606 βόστρνξ,
438 1513 529 1577 tertio
556 1504 744 1602 βόστρυχος
773 1515 931 1591 extitisse,
965 1537 1000 1579 ao
1028 1515 1168 1579 similiter
1193 1537 1234 1580 ex
1256 1515 1368 1592 τέλος

243 1620 371 1708 primum
385 1615 519 1701 κόλαξ,
549 1616 627 1699 quod
649 1615 773 1680 Photius
795 1617 951 1680 barbarum
975 1617 1065 1695 dicit,
1094 1619 1200 1684 deinde
1225 1631 1367 1686 resumta

244 1720 389 1808 gutturali
411 1717 564 1796 κόλακας,
588 1739 628 1782 ex
650 1712 736 1805 ἱερός
753 1718 853 1808 ἱέραξ,
876 1719 1014 1807 ἱέρακος,
1038 1743 1078 1785 ex
1093 1719 1212 1807 δίφρος
1226 1719 1366 1808 hipponi,

242 1823 436 1912 όρόφακτος,
460 1841 502 1884 ex
524 1819 605 1907 δρῦς
625 1813 747 1908 δρόαξ,
769 1819 961 1916 δρύφακτος
968 1872 981 1904 ,
1009 1823 1088 1887 veho
1110 1824 1216 1900 vehes,
1246 1826 1363 1906 vestie,

243 1927 435 1992 extrinsecus
457 1923 553 1986 ascita
573 1923 663 1988 litera
685 1945 743 2009 qua
763 1931 861 2013 ἴκταρ
885 1927 977 2013 (ἵκαρ
999 1925 1168 2012 Hesychius
1190 1948 1245 1991 suc
1261 1927 1363 2014 loco),

145 2021 154 2034 ³
241 2024 374 2108 νακτός,
401 2023 584 2114 όόμαρτος,
615 2026 767 2115 φροντίς,
789 2027 901 2112 τόκτοι,
926 2039 1025 2113 pecto,
1048 2029 1140 2104 lacte,
1163 2040 1251 2092 aucta
1272 2041 1364 2096 sunt.

243 2129 346 2218 itaque
376 2151 465 2216 quum
494 2141 541 2195 tot
569 2139 701 2215 pateant·
720 2133 955 2216 corrumpendae
977 2129 1157 2216 principalis
1179 2131 1292 2194 formae
1315 2133 1366 2196 di-

242 2233 411 2309 verticula,
440 2234 520 2297 unde
542 2234 670 2317 quidque
692 2244 791 2298 ortum
813 2235 871 2312 sit,
901 2257 959 2318 quo
983 2235 1132 2298 detortum
1154 2230 1233 2298 ultra
1255 2234 1365 2299 huma-

242 2357 313 2401 nam
335 2337 540 2421 ocnjecturam
563 2355 631 2399 esse
653 2335 793 2413 videtur3
824 2359 882 2402 nec
903 2337 991 2400 facile
1007 2336 1168 2412 -decidam,
1198 2333 1281 2424 ὃιόψ
1304 2357 1364 2400 an·

212 2445 214 2456 '
242 2438 355 2523 tiquius
379 2438 419 2502 sit
441 2459 480 2502 au
502 2435 634 2517 δίοπος,
657 2435 872 2525 καλαόροπος
894 2462 934 2504 au
954 2429 1154 2524 asiaticum,
1179 2459 1304 2522 quorum
1330 2439 1362 2504 si
1458 2473 1459 2476 ¹

240 2561 334 2605 uuum
363 2539 458 2606 semel
488 2541 567 2604 forte
596 2551 648 2605 aut
676 2541 721 2606 his
744 2541 867 2626 legitur,
899 2544 1026 2607 alterum
1049 2543 1200 2626 aliquanto
1222 2542 1360 2626 saepiuS,

242 2645 307 2729 quis
330 2653 421 2729 neget
443 2643 509 2707 heri
530 2665 618 2728 posse
640 2655 676 2708 ut
697 2666 738 2708 ex
759 2643 813 2710 illo
829 2646 984 2710 literarum
1000 2665 1178 2730 graecarum
1197 2644 1361 2728 naufragio
1458 2693 1459 2696 ε

240 2747 367 2812 rarioris
380 2747 496 2812 formae
511 2745 650 2832 exempla
662 2746 761 2833 plura,
785 2747 884 2812 miuus
897 2769 985 2826 rarae
999 2747 1140 2833 pauciora
1153 2745 1260 2810 relicta
1271 2747 1363 2812 siut?
1457 2807 1459 2838 f

488 2849 492 2872 i

732 2935 839 3020 ῆς,
1196 2856 1202 2893 λ

325 3051 578 3124 Veterestamen
598 3055 632 3120 in
653 3055 705 3122 illa
727 3029 906 3120 anatiromae
928 3054 1067 3140 opinione
1081 3054 1360 3146 tam'pertinaoiter

240 3155 379 3232 haerent,
402 3167 437 3221 ut
448 3157 562 3242 primae
584 3179 706 3250 quoque
722 3159 930 3224 declinationis
955 3157 1089 3234 nomina,
1114 3179 1278 3242 quaecum
1301 3177 1358 3242 ge·

241 3257 338 3323 nitivo
370 3269 423 3326 aut
451 3261 624 3326 accusativo
654 3261 763 3325 tertiae
792 3273 977 3346 congruunt,
1007 3262 1043 3324 ab
1071 3260 1118 3324 his
1140 3260 1213 3345 ipsis
1235 3259 1358 3325 oasihus
1393 3315 1401 3331 .

239 3372 379 3446 repetere
401 3383 463 3426 nou
484 3375 662 3430 vereantur.
708 3364 810 3450 Etym'.
834 3365 877 3428 M.
900 3386 930 3449 p.
955 3362 1009 3443 87,
1033 3362 1087 3427 35.
1112 3356 1268 3450 οἷρπόγῆ,
1290 3384 1358 3429 κα-

236 3456 338 3551 λόκη,
367 3460 498 3552 περότη
525 3462 595 3532 αἰιό
622 3467 759 3554 γενικῆς
784 3465 855 3534 τόν
875 3464 1061 3554 οἷρσενικόν
1081 3457 1194 3551 '(scrib.
1218 3463 1357 3550 ἑνικῶν)

238 3566 307 3635 τόν
328 3562 495 3658 ἅρπαγος,
517 3563 674 3646 κόλακος,
697 3568 855 3657 πέρατος.
901 3568 1068 3652 Stephanus
1097 3563 1261 3655 Ἑρμιόνη
1282 3561 1357 3634 dot

238 3669 301 3756 τῆς
320 3665 504 3758 Ἑρμίονος
524 3672 658 3760 γενικῆς
687 3667 733 3746 οἷς
761 3665 831 3740 όπό
852 3669 913 3756 τῆς
934 3665 1079 3745 κόλακος
1102 3667 1126 3756 ῆ
1146 3666 1273 3756 καλόκη
1294 3668 1356 3736 καλ
1458 3673 1459 3676 ’

237 3772 299 3858 τῆς
327 3765 468 3863 χιτῶνος
494 3771 518 3862 ῆ
544 3767 667 3864 χιτόνῆ
697 3773 755 3840 καλ
781 3769 948 3860 ἡγεμόνος
973 3765 1136 3861 ῆγεμόνῆ.
1179 3773 1282 3858 Etym.
1307 3773 1352 3836 Μ.

239 3873 338 3962 eiciar]
359 3881 393 3944 oi
412 3880 481 3964 μὲν
502 3871 572 3944 οἷπό
594 3875 656 3962 τῆς
677 3870 790 3952 ιλαιτός
811 3875 962 3964 γενικῆς,
983 3881 1018 3942 οἱ
1038 3875 1073 3943 tt
1095 3870 1166 3942 οἷπό
1186 3873 1249 3940 τοῦ
1269 3872 1355 3960 μόλε

237 3978 378 4061 λοντος,
408 3977 459 4047 διό
488 3979 553 4046 καλ
572 3970 770 4069 βαρύνεται.
820 3979 934 4043 Verum
962 3974 1091 4064 περότη
1118 3979 1154 4042 ah
1175 3977 1241 4062 ipso
1262 3975 1353 4066 πέρα

237 4079 304 4146 sive
324 4081 430 4168 πέρας
452 4083 620 4146 derivatum
642 4091 690 4146 cst
711 4091 745 4146 ut
765 4071 900 4170 ἐρκότη,
931 4089 1082 4170 ἕρκατος,
1115 4074 1269 4170 ὄρχατος,
1301 4099 1351 4143 as-

237 4195 337 4250 sumto
359 4205 472 4272 genere
493 4185 658 4264 feminino,
688 4183 758 4271 quia
777 4184 814 4250 ad
834 4184 880 4275 γῆ
901 4185 1053 4264 uniemur,
1084 4205 1141 4250 nec
1162 4183 1230 4250 sine
1250 4181 1352 4268 aliquo
