2914 4882
215 353 220 362 ·
248 317 323 416 m
610 341 930 424 nrssnursrro
958 341 999 410 v.

250 523 406 615 νομίνοσ
431 525 569 593 ἔννοια·
607 522 706 612 μένει
734 520 799 612 peip
828 525 880 590 dae
905 521 946 590 τό
975 520 1132 610 θηλυκόν
1161 516 1279 610 ὄνομα
1308 521 1371 609 τῆς

252 627 447 702 συνθέσεως
473 625 705 716 μεταβατικὸν
729 622 871 717 ἐχούσης
897 624 959 694 τόν
984 620 1101 694 τόνον.
1146 625 1211 706 Quo
1234 627 1371 690 declarat

251 731 394 818 syntbetu
422 749 490 794 esse
518 729 685 815 adjectiva,
724 750 800 814 quae
828 729 894 793 sive
923 727 962 795 τό
991 732 1080 819 ἔχειν
1108 729 1175 794 sive
1202 724 1243 794 τό
1275 727 1370 794 εἶναι

252 833 440 918 significant,
474 851 541 896 eum
562 851 636 896 uaso
658 832 767 917 abjecti
795 831 958 915 oomposita
984 841 1073 898 sunt:
1106 827 1260 920 ὕπαρνοι
1288 825 1370 911 ὄϊες,

251 928 441 1020 dodanum
467 938 601 1020 ἔριθος,
632 931 814 1007 deduntur
841 940 947 1007 ἵππος
953 983 964 1013 ,
997 931 1190 1020 ὑπόπτερος
1218 926 1369 1014 πελειός,

251 1049 286 1104 et
307 1059 349 1103 ex
364 1039 466 1109 ¹altem
484 1037 603 1100 ratione
624 1030 816 1122 ὑπόπτερος
833 1027 983 1117 νεοσσός,
1005 1031 1177 1122 όπανόροι
1193 1049 1369 1123 γυναῖκες,

251 1140 388 1215 tonum,
419 1139 572 1216 tammus,
610 1140 772 1223 eademque
799 1137 1007 1203 vicissitudine
1033 1134 1208 1224 ὕπαντρος
1236 1141 1368 1225 οἴκησις

250 1240 374 1318 deror,
397 1261 472 1326 quae
493 1243 597 1306 subest
612 1251 702 1306 entre
723 1251 756 1305 et
772 1235 947 1327 ὕπαντρος
964 1240 1086 1329 πέτρα,
1108 1241 1158 1304 oui
1175 1242 1282 1305 subest
1301 1261 1369 1324 spe·
1441 1233 1442 1276 l

252 1365 307 1410 οοε
330 1345 481 1426 (Aeliae.)
504 1345 657 1430 enhydros
679 1342 697 1410 ὁ
718 1340 813 1418 ἐντός
832 1339 923 1431 ὕδωρ
945 1345 1031 1433 ἔχων
1059 1354 1094 1408 ut
1114 1346 1242 1429 ἔμπαις
1263 1339 1288 1428 ἠ
1310 1346 1368 1429 ἐν·

252 1438 374 1534 νόμον
395 1445 528 1533 llesyob.
558 1458 589 1511 et
607 1443 628 1512 ό
649 1451 687 1513 ἐν
708 1443 809 1513 ddum
831 1440 896 1526 οἷν,
926 1457 961 1510 ut
986 1440 1157 1533 όμποιιδεςΙ
1184 1446 1236 1530 qni
1264 1444 1368 1529 pueris

253 1559 411 1635 praesunt.
456 1549 558 1632 ltaque
580 1549 682 1624 lauare,
710 1569 797 1633 quem
819 1559 901 1612 terra
923 1549 1035 1624 ambit,
1058 1547 1162 1612 voeari
1184 1555 1285 1631 potest
1305 1571 1369 1612 πε-

252 1649 403 1742 ρίχθαν,
428 1663 598 1736 contraque·
611 1651 749 1716 Oeeaous
772 1662 884 1714 terram
906 1651 1040 1716 ambiens
1061 1641 1237 1740 περιχθοίν
1259 1649 1370 1712 dieitur

252 1754 348 1820 bath.
366 1754 431 1818 Pel.
451 1753 508 1818 tx.
532 1775 564 1816 u.
586 1752 660 1818 778.
685 1754 751 1818 sive
772 1754 888 1838 potius,
914 1760 948 1817 ut
968 1753 1138 1816 Bruunkius
1160 1750 1284 1836 scripsit
1303 1775 1368 1818 πε-

252 1854 398 1945 ρίχθοον,
421 1875 518 1940 neque
539 1856 739 1920 neeessariam
761 1857 837 1920 duee
856 1855 986 1920 Jaoabsii
1008 1854 1248 1920 emendationem
1270 1877 1369 1940 περι·

254 1952 356 2047 σχοίν.
400 1957 573 2042 Suspeotius
600 1975 674 2023 vero
703 1969 768 2034 est,
801 1960 877 2043 quod
902 1959 1013 2043 legitur
1039 1958 1072 2022 in
1095 1955 1206 2041 Orphei
1232 1959 1369 2020 narmiue

253 2084 293 2130 π.
308 2060 429 2146 Σεισμ.
449 2081 481 2124 v.
501 2059 553 2125 57.
577 2065 609 2128 εἰ
630 2060 666 2128 db
681 2097 726 2110 -·
742 2061 898 2151 ἐλελιχθῄ
918 2073 1002 2150 γαῖα
1022 2053 1198 2148 περιχθοίν
1221 2057 1296 2140 (boe
1318 2077 1369 2122 aa·

254 2169 360 2242 uentu)
387 2162 447 2227 nisi
474 2161 548 2228 bueo
575 2165 633 2227 duo
661 2163 782 2227 uomina
809 2163 915 2228 valent
940 2187 962 2249 η
985 2158 1204 2252 περιχθόνιος
1227 2159 1273 2247 γῆ
1300 2160 1368 2224 sive

253 2262 454 2354 verbipotens,
471 2267 718 2350 quenadmodum
740 2265 825 2330 loeus
847 2267 1085 2330 mediterraneus
1103 2257 1291 2353 μεσόχθοον
1313 2283 1369 2326 vo-

254 2373 342 2432 batur
367 2367 495 2452 Dionys.
518 2368 604 2432 Autt.
628 2368 653 2432 Ι.
676 2365 730 2433 td.
761 2389 836 2452 quae
863 2369 986 2432 brevior
1011 2369 1109 2432 forme
1133 2365 1255 2451 proprie
1281 2363 1370 2429 uttri·

253 2469 324 2534 buta
346 2480 395 2533 est
415 2467 609 2535 substantivis
629 2466 654 2556 οἱ
672 2465 848 2560 α’ντίχθον
870 2471 899 2534 id
919 2481 968 2536 est
987 2468 1011 2558 ἦ
1027 2467 1170 2538 ἐναντία
1191 2464 1304 2558 ταύτῃ
1325 2464 1368 2554 yp'

253 2571 382 2636 Aristdt.
406 2573 442 2636 de
465 2571 551 2636 Cael.
573 2569 610 2636 ll.
633 2572 685 2638 13.
725 2575 775 2636 ste
797 2567 1002 2661 α’μφίπολις,
1025 2569 1231 2657 α’πόπτολις,
1253 2574 1368 2656 ἔμπο-

253 2675 321 2752 9ις,
340 2673 533 2760 περίπολος,
562 2675 821 2760 objeceramus,
852 2677 904 2740 sed
927 2677 1050 2740 eandem
1074 2675 1204 2760 speeiem
1225 2675 1367 2738 substan·

253 2777 317 2844 tiva
338 2777 449 2841 habeut
469 2775 645 2862 πρόπολος,
666 2775 857 2864 α’μφίπολες
875 2774 899 2864 ἦ
918 2778 1035 2866 ἰσθμῷ
1054 2775 1077 2864 ἢ
1094 2775 1246 2863 πορθμῷ
1266 2797 1367 2862 προς-

253 2879 396 2946 uenatione
417 2869 513 2952 πόλις
535 2880 610 2944 Poll.
629 2880 684 2943 tx.
702 2878 756 2944 27.
769 2883 818 2963 ⁹⁸)
854 2881 1008 2964 Quumque
1030 2901 1080 2944 res
1101 2881 1164 2944 siut
1184 2879 1366 2964 permultae,

255 2983 362 3066 quibus
389 2982 579 3067 circumjecta
607 2984 678 3066 urbs
704 2977 895 3069 οἷμφίπολις
921 2983 979 3046 diei
1003 2983 1118 3068 pessit,
1154 2994 1218 3046 tum
1244 2982 1367 3067 proprie

253 3083 298 3148 iu
327 3084 431 3148 vuueri
461 3086 603 3150 convenit
630 3081 695 3172 τήν
723 3080 819 3152 πόλει
847 3082 1100 3172 α’μφεκοιμόνην
1128 3079 1250 3164 πόλιν,
1286 3085 1368 3148 siout

252 3179 435 3254 α’ντίπολιν
460 3189 564 3252 urbem
591 3189 659 3253 urbi
687 3190 849 3274 oppositam
876 3199 911 3252 ut
935 3189 1022 3252 Diod.
1045 3187 1103 3250 XI.
1127 3185 1187 3268 81,
1211 3185 1290 3253 289.
1325 3182 1368 3261 nic
1441 3261 1442 3280 ρ

254 3281 377 3378 Θήβας
406 3293 549 3360 ἔσεσθαι
574 3282 714 3384 τῄ-τῶν
741 3289 940 3380 Ἀθηναίων
967 3285 1076 3380 ὥςπερ
1106 3286 1292 3358 α’ντίπολιν
1305 3293 1366 3375 ⁹⁹).
1441 3291 1442 3370 ξ

1441 3449 1442 3480 l

324 3551 371 3618 98)
386 3545 547 3622 Ἀμφίπολιν
563 3544 705 3617 οίνόμαοεν
721 3525 824 3605 ότι,ε’π’
841 3544 986 3620 α’μφότερα
1002 3547 1193 3619 περιρρέοντος
1207 3544 1259 3602 τοῦ
1275 3550 1364 3616 Στρο-

255 3631 339 3703 μόνοτ
362 3633 498 3704 περιφανῆ
520 3634 548 3690 ἐς
569 3627 715 3692 θόίοοοοίν
737 3655 768 3689 τε
790 3641 836 3690 καὶ
856 3628 972 3703 -ἦπειρον
995 3631 1072 3702 ᾤκισε
1096 3633 1214 3704 Tbuepd.
1233 3633 1281 3688 IV.
1305 3636 1361 3690 199-

254 3721 361 3776 buerius
388 3717 434 3774 όιεί
459 3716 509 3791 τήν
533 3719 696 3791 περίρροιαν
721 3717 769 3776 τοί
793 3711 951 3791 Στρυμόνος
979 3721 1067 3788 Stepb.
1096 3723 1169 3788 quasi
1195 3721 1362 3785 Interamna,

254 3823 401 3876 quanquam
424 3809 471 3859 boo
494 3807 650 3873 adjectivum
675 3815 716 3860 eat
738 3815 768 3859 nt
786 3807 968 3875 Sublaqueum.
1001 3802 1153 3862 Ἀντίπολιε
1174 3809 1309 3860 nominata
1326 3813 1362 3859 est

254 3895 287 3946 eb
311 3891 557 3962 opposito'Nioaeao
580 3895 633 3946 nitu
655 3909 682 3946 v.
702 3894 846 3946 Tzsebuek.
868 3895 900 3946 ad
917 3892 977 3946 blei.
997 3891 1055 3946 Vol.
1074 3891 1118 3946 tlt.
1143 3893 1172 3946 P.
1193 3893 1224 3946 ll.
1249 3897 1313 3950 tte.
1335 3901 1362 3946 ut

251 3973 428 4050 Ἅννίπαροε,
442 3977 608 4050 Ἀνείῤῥινν,
623 3977 792 4050 Ἀντίκιρῥα,
817 3982 847 4032 de
865 3995 914 4048 quo
932 3981 998 4032 idem
1016 3981 1049 4032 ad
1066 3981 1155 4032 Struit.
1174 3979 1222 4033 IX.
1233 3983 1306 4043 tob.

325 4065 371 4132 99)
387 4067 428 4119 Ex
442 4069 580 4134 composito
595 4079 672 4134 teepe
686 4068 851 4134 repetendum
867 4068 975 4135 simplex
989 4074 1020 4118 ut
1032 4067 1149 4135 Hippuer.
1163 4067 1238 4134 Epid.
1255 4068 1286 4120 ll.
1303 4065 1357 4120 998.

255 4149 288 4204 Τ.
307 4151 350 4205 111.
369 4149 571 4222 γοίαεετοποοία
587 4156 695 4224 βοείου,
718 4153 793 4206 Aret.
813 4155 845 4206 de
862 4153 933 4220 sign.
950 4153 1026 4207 -Diub
1046 4153 1078 4206 ll.
1098 4157 1130 4216 4,
1149 4152 1192 4206 73.
1216 4150 1360 4220 όοοόνειροι

255 4235 383 4294 πολλοῖσι
402 4233 560 4312 σἐιρὴοοιοι,
586 4239 681 4311 space.
703 4241 735 4292 de
750 4239 836 4308 begu.
860 4255 885 4311 p.
904 4242 948 4300 25.
972 4236 1025 4310 τήν
1046 4234 1088 4311 ἐφ’
1109 4234 1181 4310 ἧμας
1201 4234 1356 4309 οίδοοιοιηοι,
1394 4274 1400 4285 .
