<?xml version="1.0" encoding="UTF-8"?>
<!DOCTYPE html PUBLIC "-//W3C//DTD XHTML 1.0 Transitional//EN"
    "http://www.w3.org/TR/xhtml1/DTD/xhtml1-transitional.dtd">
<html xmlns="http://www.w3.org/1999/xhtml" xml:lang="en" lang="en">
 <head>
  <title>
</title>
<meta http-equiv="Content-Type" content="text/html;charset=utf-8" />
  <meta name='ocr-system' content='tesseract 3.04.00' />
  <meta name='ocr-capabilities' content='ocr_page ocr_carea ocr_par ocr_line ocrx_word'/>
</head>
<body>
  <div class='ocr_page' id='page_1' title='image "./paralipomenagra00dindgoog_0142.png"; bbox 0 0 2940 4894; ppageno 0'>
   <div class='ocr_carea' id='block_1_1' title="bbox 229 279 1200 390">
    <p class='ocr_par' dir='ltr' id='par_1_1' title="bbox 229 279 1200 390">
     <span class='ocr_line' id='line_1_1' title="bbox 229 279 1200 390; baseline 0.018 -31"><span class='ocrx_word' id='word_1_1' title='bbox 229 383 235 390; x_wconf 14' lang='grc' dir='ltr'>ι</span> <span class='ocrx_word' id='word_1_2' title='bbox 281 295 338 361; x_wconf 87' lang='lat' dir='ltr'>on</span> <span class='ocrx_word' id='word_1_3' title='bbox 368 295 533 368; x_wconf 85' lang='grc' dir='ltr'>ιιοιιιιι.</span> <span class='ocrx_word' id='word_1_4' title='bbox 562 295 735 365; x_wconf 80' lang='lat' dir='ltr'>moros.</span> <span class='ocrx_word' id='word_1_5' title='bbox 768 297 805 364; x_wconf 89' lang='lat' dir='ltr'>c.</span> <span class='ocrx_word' id='word_1_6' title='bbox 827 297 874 367; x_wconf 91' lang='lat'>11.</span> <span class='ocrx_word' id='word_1_7' title='bbox 905 301 933 384; x_wconf 70' lang='lat' dir='ltr'>a.</span> <span class='ocrx_word' id='word_1_8' title='bbox 957 300 989 367; x_wconf 90' lang='lat'>1.</span> <span class='ocrx_word' id='word_1_9' title='bbox 1084 279 1086 283; x_wconf 80' lang='grc'><strong>’</strong></span> <span class='ocrx_word' id='word_1_10' title='bbox 1130 307 1200 376; x_wconf 84' lang='lat' dir='ltr'>ms</span> 
     </span>
    </p>
   </div>
   <div class='ocr_carea' id='block_1_2' title="bbox 94 475 1285 2622">
    <p class='ocr_par' dir='ltr' id='par_1_2' title="bbox 94 475 1285 2622">
     <span class='ocr_line' id='line_1_2' title="bbox 104 475 1199 566; baseline 0.009 -24"><span class='ocrx_word' id='word_1_11' title='bbox 104 476 171 542; x_wconf 83' lang='lat' dir='ltr'>lolia</span> <span class='ocrx_word' id='word_1_12' title='bbox 191 486 261 544; x_wconf 87' lang='lat' dir='ltr'>snat</span> <span class='ocrx_word' id='word_1_13' title='bbox 285 485 374 560; x_wconf 78' lang='lat' dir='ltr'>atquc</span> <span class='ocrx_word' id='word_1_14' title='bbox 399 477 473 542; x_wconf 83' lang='lat' dir='ltr'>adeo</span> <span class='ocrx_word' id='word_1_15' title='bbox 495 476 599 544; x_wconf 85' lang='lat' dir='ltr'>literas</span> <span class='ocrx_word' id='word_1_16' title='bbox 624 475 730 542; x_wconf 86' lang='lat' dir='ltr'>finales</span> <span class='ocrx_word' id='word_1_17' title='bbox 757 498 824 542; x_wconf 88' lang='lat' dir='ltr'>cum</span> <span class='ocrx_word' id='word_1_18' title='bbox 846 479 933 544; x_wconf 82' lang='lat' dir='ltr'>verbi</span> <span class='ocrx_word' id='word_1_19' title='bbox 954 483 1073 566; x_wconf 80' lang='lat' dir='ltr'>cognati</span> <span class='ocrx_word' id='word_1_20' title='bbox 1095 483 1199 552; x_wconf 85' lang='lat' dir='ltr'>tuturo</span> 
     </span>
     <span class='ocr_line' id='line_1_3' title="bbox 103 578 1199 665; baseline 0.011 -23"><span class='ocrx_word' id='word_1_21' title='bbox 103 599 258 644; x_wconf 85' lang='lat' dir='ltr'>commones</span> <span class='ocrx_word' id='word_1_22' title='bbox 281 578 408 655; x_wconf 89' lang='lat' dir='ltr'>habent,</span> <span class='ocrx_word' id='word_1_23' title='bbox 440 599 537 664; x_wconf 84' lang='lat' dir='ltr'>neque</span> <span class='ocrx_word' id='word_1_24' title='bbox 560 591 660 644; x_wconf 90' lang='lat' dir='ltr'>tamen</span> <span class='ocrx_word' id='word_1_25' title='bbox 686 579 754 663; x_wconf 83' lang='lat' dir='ltr'>cogi</span> <span class='ocrx_word' id='word_1_26' title='bbox 775 591 892 665; x_wconf 89' lang='lat' dir='ltr'>potest,</span> <span class='ocrx_word' id='word_1_27' title='bbox 923 594 956 648; x_wconf 93' lang='grc' dir='ltr'>ιιι</span> <span class='ocrx_word' id='word_1_28' title='bbox 977 587 1013 648; x_wconf 83' lang='lat' dir='ltr'>ab</span> <span class='ocrx_word' id='word_1_29' title='bbox 1036 586 1092 650; x_wconf 89' lang='lat' dir='ltr'>hoc</span> <span class='ocrx_word' id='word_1_30' title='bbox 1114 589 1199 654; x_wconf 88' lang='lat' dir='ltr'>fonte</span> 
     </span>
     <span class='ocr_line' id='line_1_4' title="bbox 103 681 1199 776; baseline 0.014 -32"><span class='ocrx_word' id='word_1_31' title='bbox 103 683 220 746; x_wconf 85' lang='lat' dir='ltr'>derivata</span> <span class='ocrx_word' id='word_1_32' title='bbox 241 682 321 758; x_wconf 92' lang='lat' dir='ltr'>sint,</span> <span class='ocrx_word' id='word_1_33' title='bbox 352 682 420 766; x_wconf 86' lang='lat' dir='ltr'>quia</span> <span class='ocrx_word' id='word_1_34' title='bbox 441 681 535 748; x_wconf 85' lang='lat' dir='ltr'>multa</span> <span class='ocrx_word' id='word_1_35' title='bbox 557 683 768 766; x_wconf 87' lang='lat' dir='ltr'>reperiuntur,</span> <span class='ocrx_word' id='word_1_36' title='bbox 797 704 873 766; x_wconf 88' lang='lat' dir='ltr'>quae</span> <span class='ocrx_word' id='word_1_37' title='bbox 896 689 1079 770; x_wconf 87' lang='lat' dir='ltr'>gutturalem</span> <span class='ocrx_word' id='word_1_38' title='bbox 1101 693 1199 776; x_wconf 83' lang='lat' dir='ltr'>sigma</span> 
     </span>
     <span class='ocr_line' id='line_1_5' title="bbox 101 783 1212 878; baseline 0.008 -28"><span class='ocrx_word' id='word_1_39' title='bbox 101 785 312 872; x_wconf 74' lang='lat' dir='ltr'>praecedentem</span> <span class='ocrx_word' id='word_1_40' title='bbox 334 783 494 848; x_wconf 78' lang='lat' dir='ltr'>manifesto</span> <span class='ocrx_word' id='word_1_41' title='bbox 520 785 594 848; x_wconf 85' lang='lat' dir='ltr'>ioris</span> <span class='ocrx_word' id='word_1_42' title='bbox 616 785 741 850; x_wconf 86' lang='lat' dir='ltr'>ascitam</span> <span class='ocrx_word' id='word_1_43' title='bbox 764 784 885 850; x_wconf 85' lang='lat' dir='ltr'>habent.</span> <span class='ocrx_word' id='word_1_44' title='bbox 931 789 1052 855; x_wconf 71' lang='lat' dir='ltr'>Etenim</span> <span class='ocrx_word' id='word_1_45' title='bbox 1077 805 1111 856; x_wconf 91' lang='lat' dir='ltr'>ut</span> <span class='ocrx_word' id='word_1_46' title='bbox 1137 794 1212 878; x_wconf 71' lang='lat' dir='ltr'>pri«,</span> 
     </span>
     <span class='ocr_line' id='line_1_6' title="bbox 102 887 1197 971; baseline 0.007 -21"><span class='ocrx_word' id='word_1_47' title='bbox 102 909 169 952; x_wconf 90' lang='lat' dir='ltr'>nom</span> <span class='ocrx_word' id='word_1_48' title='bbox 190 889 224 950; x_wconf 88' lang='lat' dir='ltr'>de</span> <span class='ocrx_word' id='word_1_49' title='bbox 246 887 398 954; x_wconf 80' lang='lat' dir='ltr'>adverbiis</span> <span class='ocrx_word' id='word_1_50' title='bbox 421 888 529 964; x_wconf 86' lang='lat' dir='ltr'>dicam,</span> <span class='ocrx_word' id='word_1_51' title='bbox 552 888 707 960; x_wconf 85' lang='lat' dir='ltr'>infuturo</span> <span class='ocrx_word' id='word_1_52' title='bbox 730 890 880 954; x_wconf 90' lang='lat' dir='ltr'>communi</span> <span class='ocrx_word' id='word_1_53' title='bbox 902 911 1006 956; x_wconf 91' lang='lat' dir='ltr'>eorum</span> <span class='ocrx_word' id='word_1_54' title='bbox 1024 897 1197 971; x_wconf 88' lang='lat' dir='ltr'>verborum,</span> 
     </span>
     <span class='ocr_line' id='line_1_7' title="bbox 102 981 1199 1082; baseline 0.009 -30"><span class='ocrx_word' id='word_1_55' title='bbox 102 989 228 1072; x_wconf 78' lang='lat' dir='ltr'><strong>aquibus</strong></span> <span class='ocrx_word' id='word_1_56' title='bbox 249 985 370 1073; x_wconf 72' lang='grc' dir='ltr'><strong><em>ᾰπρίξ,</em></strong></span> <span class='ocrx_word' id='word_1_57' title='bbox 394 981 550 1080; x_wconf 61' lang='lat' dir='ltr'>leopildi,</span> <span class='ocrx_word' id='word_1_58' title='bbox 568 982 670 1078; x_wconf 69' lang='lat' dir='ltr'>aiecii,</span> <span class='ocrx_word' id='word_1_59' title='bbox 693 991 781 1054; x_wconf 85' lang='lat' dir='ltr'>ducta</span> <span class='ocrx_word' id='word_1_60' title='bbox 804 994 979 1070; x_wconf 86' lang='lat' dir='ltr'>creduntur,</span> <span class='ocrx_word' id='word_1_61' title='bbox 1002 995 1109 1062; x_wconf 86' lang='lat' dir='ltr'>literae</span> <span class='ocrx_word' id='word_1_62' title='bbox 1131 1009 1199 1082; x_wconf 86' lang='lat' dir='ltr'>gat·</span> 
     </span>
     <span class='ocr_line' id='line_1_8' title="bbox 101 1091 1200 1182; baseline 0.011 -28"><span class='ocrx_word' id='word_1_63' title='bbox 101 1092 191 1156; x_wconf 85' lang='lat' dir='ltr'>taralis</span> <span class='ocrx_word' id='word_1_64' title='bbox 213 1093 375 1176; x_wconf 82' lang='lat' dir='ltr'>vestigium</span> <span class='ocrx_word' id='word_1_65' title='bbox 399 1093 514 1158; x_wconf 87' lang='lat' dir='ltr'>nullum</span> <span class='ocrx_word' id='word_1_66' title='bbox 536 1093 634 1169; x_wconf 88' lang='lat' dir='ltr'>iocst,</span> <span class='ocrx_word' id='word_1_67' title='bbox 658 1095 741 1158; x_wconf 89' lang='lat' dir='ltr'>acsi</span> <span class='ocrx_word' id='word_1_68' title='bbox 764 1093 830 1176; x_wconf 89' lang='lat' dir='ltr'>quis</span> <span class='ocrx_word' id='word_1_69' title='bbox 849 1091 1002 1182; x_wconf 62' lang='lat' dir='ltr'>duodoni}</span> <span class='ocrx_word' id='word_1_70' title='bbox 1024 1099 1158 1166; x_wconf 81' lang='lat' dir='ltr'>vocalem</span> <span class='ocrx_word' id='word_1_71' title='bbox 1180 1121 1200 1166; x_wconf 84' lang='lat' dir='ltr'>a</span> 
     </span>
     <span class='ocr_line' id='line_1_9' title="bbox 101 1188 1199 1286; baseline 0.008 -26"><span class='ocrx_word' id='word_1_72' title='bbox 101 1190 193 1280; x_wconf 79' lang='lat' dir='ltr'>dorio,</span> <span class='ocrx_word' id='word_1_73' title='bbox 220 1196 301 1260; x_wconf 85' lang='lat' dir='ltr'>uode</span> <span class='ocrx_word' id='word_1_74' title='bbox 322 1188 473 1282; x_wconf 74' lang='grc' dir='ltr'><em>ὑπόδρα,</em></span> <span class='ocrx_word' id='word_1_75' title='bbox 499 1216 660 1264; x_wconf 84' lang='lat' dir='ltr'>consonam</span> <span class='ocrx_word' id='word_1_76' title='bbox 682 1217 701 1260; x_wconf 87' lang='lat' dir='ltr'>a</span> <span class='ocrx_word' id='word_1_77' title='bbox 722 1195 825 1284; x_wconf 77' lang='lat' dir='ltr'>da&#39;pno</span> <span class='ocrx_word' id='word_1_78' title='bbox 848 1200 999 1283; x_wconf 86' lang='lat' dir='ltr'>accepisse</span> <span class='ocrx_word' id='word_1_79' title='bbox 1022 1213 1124 1286; x_wconf 84' lang='lat' dir='ltr'>potat,</span> <span class='ocrx_word' id='word_1_80' title='bbox 1153 1213 1199 1268; x_wconf 88' lang='lat' dir='ltr'>ta-</span> 
     </span>
     <span class='ocr_line' id='line_1_10' title="bbox 99 1297 1267 1383; baseline 0.004 -19"><span class='ocrx_word' id='word_1_81' title='bbox 99 1319 156 1364; x_wconf 86' lang='lat' dir='ltr'>meo</span> <span class='ocrx_word' id='word_1_82' title='bbox 176 1298 252 1362; x_wconf 89' lang='lat' dir='ltr'>dano</span> <span class='ocrx_word' id='word_1_83' title='bbox 276 1297 327 1362; x_wconf 88' lang='lat' dir='ltr'>vel</span> <span class='ocrx_word' id='word_1_84' title='bbox 348 1319 403 1364; x_wconf 89' lang='lat' dir='ltr'>sua</span> <span class='ocrx_word' id='word_1_85' title='bbox 424 1309 530 1383; x_wconf 89' lang='lat' dir='ltr'>sponte</span> <span class='ocrx_word' id='word_1_86' title='bbox 557 1309 589 1362; x_wconf 91' lang='lat' dir='ltr'>et</span> <span class='ocrx_word' id='word_1_87' title='bbox 614 1299 681 1364; x_wconf 89' lang='lat' dir='ltr'>sine</span> <span class='ocrx_word' id='word_1_88' title='bbox 703 1299 766 1364; x_wconf 85' lang='lat' dir='ltr'>ulla</span> <span class='ocrx_word' id='word_1_89' title='bbox 791 1301 875 1364; x_wconf 87' lang='lat' dir='ltr'>verbi</span> <span class='ocrx_word' id='word_1_90' title='bbox 897 1305 1106 1368; x_wconf 79' lang='lat' dir='ltr'>antecessione</span> <span class='ocrx_word' id='word_1_91' title='bbox 1128 1307 1200 1368; x_wconf 88' lang='lat' dir='ltr'>sub·</span> <span class='ocrx_word' id='word_1_92' title='bbox 1255 1309 1267 1318; x_wconf 83' lang='lat'>&#39;</span> 
     </span>
     <span class='ocr_line' id='line_1_11' title="bbox 100 1395 1200 1490; baseline 0.008 -27"><span class='ocrx_word' id='word_1_93' title='bbox 100 1401 170 1464; x_wconf 91' lang='lat' dir='ltr'>nasci</span> <span class='ocrx_word' id='word_1_94' title='bbox 190 1402 325 1484; x_wconf 90' lang='lat' dir='ltr'>potuisse</span> <span class='ocrx_word' id='word_1_95' title='bbox 348 1402 512 1467; x_wconf 88' lang='lat' dir='ltr'>ostendunt</span> <span class='ocrx_word' id='word_1_96' title='bbox 529 1395 635 1478; x_wconf 63' lang='lat' dir='ltr'>cirsai}</span> <span class='ocrx_word' id='word_1_97' title='bbox 654 1405 691 1468; x_wconf 78' lang='grc' dir='ltr'>ἐν</span> <span class='ocrx_word' id='word_1_98' title='bbox 708 1399 805 1488; x_wconf 78' lang='grc' dir='ltr'>μέρει</span> <span class='ocrx_word' id='word_1_99' title='bbox 823 1402 955 1490; x_wconf 89' lang='lat' dir='ltr'>Hesych.</span> <span class='ocrx_word' id='word_1_100' title='bbox 979 1407 1053 1484; x_wconf 82' lang='lat' dir='ltr'>&lt;nisi</span> <span class='ocrx_word' id='word_1_101' title='bbox 1072 1403 1200 1474; x_wconf 74' lang='lat' dir='ltr'>circei-</span> 
     </span>
     <span class='ocr_line' id='line_1_12' title="bbox 98 1496 1197 1596; baseline 0.007 -28"><span class='ocrx_word' id='word_1_102' title='bbox 98 1496 146 1580; x_wconf 70' lang='lat' dir='ltr'>ia&#39;f</span> <span class='ocrx_word' id='word_1_103' title='bbox 164 1505 299 1584; x_wconf 77' lang='lat' dir='ltr'>scripsit)</span> <span class='ocrx_word' id='word_1_104' title='bbox 326 1497 482 1580; x_wconf 75' lang='grc' dir='ltr'>ύπανιάξ</span> <span class='ocrx_word' id='word_1_105' title='bbox 507 1515 537 1568; x_wconf 90' lang='lat' dir='ltr'>et</span> <span class='ocrx_word' id='word_1_106' title='bbox 559 1525 743 1590; x_wconf 84' lang='lat' dir='ltr'>parooyma,</span> <span class='ocrx_word' id='word_1_107' title='bbox 772 1497 874 1592; x_wconf 60' lang='lat' dir='ltr'>potii,</span> <span class='ocrx_word' id='word_1_108' title='bbox 902 1503 1021 1594; x_wconf 77' lang='grc' dir='ltr'><em>εὐράξ,</em></span> <span class='ocrx_word' id='word_1_109' title='bbox 1048 1507 1197 1596; x_wconf 66' lang='lat' dir='ltr'>pavacii,</span> 
     </span>
     <span class='ocr_line' id='line_1_13' title="bbox 99 1605 1200 1699; baseline 0.007 -29"><span class='ocrx_word' id='word_1_110' title='bbox 99 1605 206 1692; x_wconf 77' lang='grc' dir='ltr'><strong><em>κουρίξ.</em></strong></span> <span class='ocrx_word' id='word_1_111' title='bbox 238 1606 380 1690; x_wconf 84' lang='lat' dir='ltr'>idemque</span> <span class='ocrx_word' id='word_1_112' title='bbox 398 1616 521 1690; x_wconf 84' lang='lat' dir='ltr'>apparot</span> <span class='ocrx_word' id='word_1_113' title='bbox 542 1629 559 1672; x_wconf 94' lang='lat' dir='ltr'>e</span> <span class='ocrx_word' id='word_1_114' title='bbox 579 1607 769 1684; x_wconf 90' lang='lat' dir='ltr'>nominibus;</span> <span class='ocrx_word' id='word_1_115' title='bbox 794 1628 862 1674; x_wconf 90' lang='lat' dir='ltr'>nam</span> <span class='ocrx_word' id='word_1_116' title='bbox 884 1621 919 1673; x_wconf 92' lang='lat' dir='ltr'>ut</span> <span class='ocrx_word' id='word_1_117' title='bbox 939 1611 1105 1695; x_wconf 81' lang='lat' dir='ltr'>largiamur</span> <span class='ocrx_word' id='word_1_118' title='bbox 1119 1610 1200 1699; x_wconf 77' lang='grc' dir='ltr'>θρίξ</span> 
     </span>
     <span class='ocr_line' id='line_1_14' title="bbox 97 1706 1197 1801; baseline 0.011 -31"><span class='ocrx_word' id='word_1_119' title='bbox 97 1709 223 1774; x_wconf 84' lang='lat' dir='ltr'>odorico</span> <span class='ocrx_word' id='word_1_120' title='bbox 245 1706 356 1796; x_wconf 74' lang='grc' dir='ltr'><em>θρίξω</em></span> <span class='ocrx_word' id='word_1_121' title='bbox 379 1711 477 1794; x_wconf 87' lang='lat' dir='ltr'>repeti</span> <span class='ocrx_word' id='word_1_122' title='bbox 498 1731 604 1793; x_wconf 89' lang='lat' dir='ltr'>posse,</span> <span class='ocrx_word' id='word_1_123' title='bbox 635 1721 772 1774; x_wconf 81' lang='lat' dir='ltr'>atcerte</span> <span class='ocrx_word' id='word_1_124' title='bbox 795 1710 906 1797; x_wconf 80' lang='grc' dir='ltr'><em>φλέψ,</em></span> <span class='ocrx_word' id='word_1_125' title='bbox 930 1709 1050 1800; x_wconf 67' lang='grc' dir='ltr'>κήρυξι</span> <span class='ocrx_word' id='word_1_126' title='bbox 1072 1709 1197 1801; x_wconf 62' lang='lat' dir='ltr'>mdcvi,</span> 
     </span>
     <span class='ocr_line' id='line_1_15' title="bbox 97 1805 1200 1906; baseline 0.008 -30"><span class='ocrx_word' id='word_1_127' title='bbox 97 1805 220 1898; x_wconf 74' lang='grc' dir='ltr'>μήριγξ,</span> <span class='ocrx_word' id='word_1_128' title='bbox 249 1810 437 1897; x_wconf 86' lang='lat' dir='ltr'>gutturalem</span> <span class='ocrx_word' id='word_1_129' title='bbox 460 1833 521 1876; x_wconf 91' lang='lat' dir='ltr'>noo</span> <span class='ocrx_word' id='word_1_130' title='bbox 542 1833 561 1876; x_wconf 88' lang='lat' dir='ltr'>a</span> <span class='ocrx_word' id='word_1_131' title='bbox 583 1812 736 1896; x_wconf 79' lang='lat' dir='ltr'>principiis</span> <span class='ocrx_word' id='word_1_132' title='bbox 757 1813 822 1878; x_wconf 89' lang='lat' dir='ltr'>suis</span> <span class='ocrx_word' id='word_1_133' title='bbox 846 1814 955 1901; x_wconf 81' lang='grc' dir='ltr'><em>φλέω,</em></span> <span class='ocrx_word' id='word_1_134' title='bbox 984 1810 1097 1903; x_wconf 65' lang='lat' dir='ltr'>rapodo</span> <span class='ocrx_word' id='word_1_135' title='bbox 1123 1817 1200 1906; x_wconf 79' lang='grc' dir='ltr'><em>(γῆ-</em></span> 
     </span>
     <span class='ocr_line' id='line_1_16' title="bbox 96 1906 1200 2004; baseline 0.004 -24"><span class='ocrx_word' id='word_1_136' title='bbox 96 1937 145 1999; x_wconf 80' lang='grc' dir='ltr'>ρυς</span> <span class='ocrx_word' id='word_1_137' title='bbox 161 1911 242 1982; x_wconf 71' lang='grc' dir='ltr'>ὅθεν</span> <span class='ocrx_word' id='word_1_138' title='bbox 263 1914 326 1982; x_wconf 70' lang='grc' dir='ltr'>καὶ</span> <span class='ocrx_word' id='word_1_139' title='bbox 345 1906 447 2001; x_wconf 61' lang='lat' dir='ltr'>adpo&amp;</span> <span class='ocrx_word' id='word_1_140' title='bbox 465 1914 629 2000; x_wconf 86' lang='lat' dir='ltr'>Hesych.),</span> <span class='ocrx_word' id='word_1_141' title='bbox 651 1907 770 2004; x_wconf 63' lang='grc' dir='ltr'><em>μκηρύω</em></span> <span class='ocrx_word' id='word_1_142' title='bbox 790 1929 984 2002; x_wconf 79' lang='lat' dir='ltr'>acceperunt,</span> <span class='ocrx_word' id='word_1_143' title='bbox 1007 1921 1060 1984; x_wconf 91' lang='lat' dir='ltr'>sed</span> <span class='ocrx_word' id='word_1_144' title='bbox 1081 1921 1200 1986; x_wconf 83' lang='lat' dir='ltr'>extrin-</span> 
     </span>
     <span class='ocr_line' id='line_1_17' title="bbox 97 2019 1200 2106; baseline 0.007 -26"><span class='ocrx_word' id='word_1_145' title='bbox 97 2038 170 2081; x_wconf 90' lang='lat' dir='ltr'>secus</span> <span class='ocrx_word' id='word_1_146' title='bbox 190 2029 224 2084; x_wconf 90' lang='grc' dir='ltr'>ιιι</span> <span class='ocrx_word' id='word_1_147' title='bbox 243 2019 396 2094; x_wconf 84' lang='lat' dir='ltr'>mordax,</span> <span class='ocrx_word' id='word_1_148' title='bbox 419 2029 563 2088; x_wconf 83' lang='lat' dir='ltr'>scaturex</span> <span class='ocrx_word' id='word_1_149' title='bbox 585 2039 611 2084; x_wconf 88' lang='lat' dir='ltr'>s.</span> <span class='ocrx_word' id='word_1_150' title='bbox 634 2019 783 2084; x_wconf 77' lang='lat' dir='ltr'>scaturiat.</span> <span class='ocrx_word' id='word_1_151' title='bbox 824 2020 924 2101; x_wconf 79' lang='lat' dir='ltr'>Quare</span> <span class='ocrx_word' id='word_1_152' title='bbox 946 2022 990 2088; x_wconf 88' lang='lat' dir='ltr'>sic</span> <span class='ocrx_word' id='word_1_153' title='bbox 1011 2023 1109 2106; x_wconf 88' lang='lat' dir='ltr'>potius</span> <span class='ocrx_word' id='word_1_154' title='bbox 1132 2023 1200 2088; x_wconf 79' lang='lat' dir='ltr'>oxi·</span> 
     </span>
     <span class='ocr_line' id='line_1_18' title="bbox 96 2119 1201 2204; baseline 0.007 -22"><span class='ocrx_word' id='word_1_155' title='bbox 96 2119 257 2186; x_wconf 84' lang='lat' dir='ltr'>stimandom</span> <span class='ocrx_word' id='word_1_156' title='bbox 295 2139 463 2197; x_wconf 81' lang='lat' dir='ltr'>consonae,</span> <span class='ocrx_word' id='word_1_157' title='bbox 506 2141 579 2204; x_wconf 79' lang='lat' dir='ltr'>quas</span> <span class='ocrx_word' id='word_1_158' title='bbox 609 2121 750 2186; x_wconf 88' lang='lat' dir='ltr'>adverbia</span> <span class='ocrx_word' id='word_1_159' title='bbox 781 2133 812 2188; x_wconf 91' lang='lat' dir='ltr'>ct</span> <span class='ocrx_word' id='word_1_160' title='bbox 841 2125 963 2190; x_wconf 89' lang='lat' dir='ltr'>nomina</span> <span class='ocrx_word' id='word_1_161' title='bbox 992 2146 1060 2190; x_wconf 89' lang='lat' dir='ltr'>com</span> <span class='ocrx_word' id='word_1_162' title='bbox 1089 2125 1201 2192; x_wconf 87' lang='lat' dir='ltr'>futuris</span> 
     </span>
     <span class='ocr_line' id='line_1_19' title="bbox 94 2223 1285 2310; baseline 0.008 -24"><span class='ocrx_word' id='word_1_163' title='bbox 94 2244 249 2290; x_wconf 80' lang='lat' dir='ltr'>mmnnnes</span> <span class='ocrx_word' id='word_1_164' title='bbox 279 2224 406 2300; x_wconf 90' lang='lat' dir='ltr'>habent,</span> <span class='ocrx_word' id='word_1_165' title='bbox 429 2245 491 2288; x_wconf 91' lang='lat' dir='ltr'>non</span> <span class='ocrx_word' id='word_1_166' title='bbox 511 2225 548 2288; x_wconf 88' lang='lat' dir='ltr'>ab</span> <span class='ocrx_word' id='word_1_167' title='bbox 571 2223 628 2288; x_wconf 91' lang='lat' dir='ltr'>hoc</span> <span class='ocrx_word' id='word_1_168' title='bbox 650 2235 785 2310; x_wconf 83' lang='lat' dir='ltr'>tempore</span> <span class='ocrx_word' id='word_1_169' title='bbox 806 2228 844 2292; x_wconf 88' lang='lat' dir='ltr'>ad</span> <span class='ocrx_word' id='word_1_170' title='bbox 864 2226 917 2292; x_wconf 89' lang='lat' dir='ltr'>illa</span> <span class='ocrx_word' id='word_1_171' title='bbox 940 2227 1120 2304; x_wconf 86' lang='lat' dir='ltr'>translatas,</span> <span class='ocrx_word' id='word_1_172' title='bbox 1145 2229 1199 2294; x_wconf 89' lang='lat' dir='ltr'>sed</span> <span class='ocrx_word' id='word_1_173' title='bbox 1282 2243 1285 2250; x_wconf 90' lang='lat'>&#39;</span> 
     </span>
     <span class='ocr_line' id='line_1_20' title="bbox 97 2311 1200 2415; baseline 0.004 -25"><span class='ocrx_word' id='word_1_174' title='bbox 97 2329 217 2394; x_wconf 86' lang='lat' dir='ltr'>omnibns</span> <span class='ocrx_word' id='word_1_175' title='bbox 246 2328 418 2414; x_wconf 82' lang='lat' dir='ltr'>aequaliter</span> <span class='ocrx_word' id='word_1_176' title='bbox 433 2311 592 2412; x_wconf 55' lang='lat' dir='ltr'>&#39;proprias&#39;</span> <span class='ocrx_word' id='word_1_177' title='bbox 611 2337 643 2393; x_wconf 88' lang='lat' dir='ltr'>et</span> <span class='ocrx_word' id='word_1_178' title='bbox 670 2328 790 2394; x_wconf 90' lang='lat' dir='ltr'>nativas</span> <span class='ocrx_word' id='word_1_179' title='bbox 819 2350 905 2404; x_wconf 87' lang='lat' dir='ltr'>esse,</span> <span class='ocrx_word' id='word_1_180' title='bbox 945 2329 1050 2413; x_wconf 87' lang='lat' dir='ltr'>quippe</span> <span class='ocrx_word' id='word_1_181' title='bbox 1074 2332 1138 2415; x_wconf 86' lang='lat' dir='ltr'>jam</span> <span class='ocrx_word' id='word_1_182' title='bbox 1167 2331 1200 2402; x_wconf 86' lang='lat' dir='ltr'>in</span> 
     </span>
     <span class='ocr_line' id='line_1_21' title="bbox 98 2429 1202 2515; baseline 0.005 -23"><span class='ocrx_word' id='word_1_183' title='bbox 98 2431 177 2515; x_wconf 86' lang='lat' dir='ltr'>stirpe</span> <span class='ocrx_word' id='word_1_184' title='bbox 197 2432 286 2497; x_wconf 79' lang='lat' dir='ltr'>vcrdi</span> <span class='ocrx_word' id='word_1_185' title='bbox 309 2432 436 2496; x_wconf 87' lang='lat' dir='ltr'>obscure</span> <span class='ocrx_word' id='word_1_186' title='bbox 458 2431 658 2496; x_wconf 83' lang='lat' dir='ltr'>adumbratas.</span> <span class='ocrx_word' id='word_1_187' title='bbox 704 2429 826 2498; x_wconf 85' lang='lat' dir='ltr'>Etenim</span> <span class='ocrx_word' id='word_1_188' title='bbox 848 2453 903 2496; x_wconf 92' lang='lat' dir='ltr'>cur</span> <span class='ocrx_word' id='word_1_189' title='bbox 924 2452 942 2500; x_wconf 87' lang='lat' dir='ltr'>a</span> <span class='ocrx_word' id='word_1_190' title='bbox 963 2433 1059 2498; x_wconf 85' lang='lat' dir='ltr'>trihus</span> <span class='ocrx_word' id='word_1_191' title='bbox 1082 2433 1202 2498; x_wconf 89' lang='lat' dir='ltr'>similli-</span> 
     </span>
     <span class='ocr_line' id='line_1_22' title="bbox 100 2531 1202 2622; baseline 0.007 -28"><span class='ocrx_word' id='word_1_192' title='bbox 100 2533 147 2598; x_wconf 87' lang='lat' dir='ltr'>mis</span> <span class='ocrx_word' id='word_1_193' title='bbox 170 2535 379 2619; x_wconf 87' lang='lat' dir='ltr'>praesentibos</span> <span class='ocrx_word' id='word_1_194' title='bbox 408 2533 486 2613; x_wconf 79' lang='grc' dir='ltr'><em>ζέω,</em></span> <span class='ocrx_word' id='word_1_195' title='bbox 515 2531 602 2609; x_wconf 76' lang='lat' dir='ltr'>ado,</span> <span class='ocrx_word' id='word_1_196' title='bbox 633 2531 716 2622; x_wconf 82' lang='grc' dir='ltr'>ῥὲω,</span> <span class='ocrx_word' id='word_1_197' title='bbox 752 2534 810 2598; x_wconf 91' lang='lat' dir='ltr'>tria</span> <span class='ocrx_word' id='word_1_198' title='bbox 839 2534 977 2598; x_wconf 87' lang='lat' dir='ltr'>oriantur</span> <span class='ocrx_word' id='word_1_199' title='bbox 1004 2534 1202 2602; x_wconf 88' lang='lat' dir='ltr'>dissimillima</span> 
     </span>
    </p>
   </div>
   <div class='ocr_carea' id='block_1_3' title="bbox 100 2634 1302 2727">
    <p class='ocr_par' dir='ltr' id='par_1_3' title="bbox 100 2634 1302 2727">
     <span class='ocr_line' id='line_1_23' title="bbox 100 2634 1302 2727; baseline 0.003 -29"><span class='ocrx_word' id='word_1_200' title='bbox 100 2634 205 2713; x_wconf 85' lang='lat' dir='ltr'>futura,</span> <span class='ocrx_word' id='word_1_201' title='bbox 236 2636 309 2727; x_wconf 85' lang='lat' dir='ltr'>qnid</span> <span class='ocrx_word' id='word_1_202' title='bbox 331 2637 450 2700; x_wconf 90' lang='lat' dir='ltr'>tandem</span> <span class='ocrx_word' id='word_1_203' title='bbox 473 2657 582 2700; x_wconf 87' lang='lat' dir='ltr'>causae</span> <span class='ocrx_word' id='word_1_204' title='bbox 605 2655 673 2699; x_wconf 87' lang='lat' dir='ltr'>esse</span> <span class='ocrx_word' id='word_1_205' title='bbox 696 2646 796 2720; x_wconf 89' lang='lat' dir='ltr'>potest</span> <span class='ocrx_word' id='word_1_206' title='bbox 823 2636 882 2700; x_wconf 93' lang='lat' dir='ltr'>nisi</span> <span class='ocrx_word' id='word_1_207' title='bbox 910 2636 1052 2719; x_wconf 87' lang='lat' dir='ltr'>quaedam</span> <span class='ocrx_word' id='word_1_208' title='bbox 1074 2637 1202 2720; x_wconf 89' lang='lat' dir='ltr'>primiti·</span> <span class='ocrx_word' id='word_1_209' title='bbox 1298 2715 1302 2726; x_wconf 33' lang='grc' dir='ltr'><strong><em>Ι</em></strong></span> 
     </span>
    </p>
   </div>
   <div class='ocr_carea' id='block_1_4' title="bbox 98 2738 1294 4068">
    <p class='ocr_par' dir='ltr' id='par_1_4' title="bbox 98 2738 1294 4068">
     <span class='ocr_line' id='line_1_24' title="bbox 100 2738 1200 2824; baseline 0.003 -24"><span class='ocrx_word' id='word_1_210' title='bbox 100 2758 192 2802; x_wconf 88' lang='lat' dir='ltr'>rorum</span> <span class='ocrx_word' id='word_1_211' title='bbox 213 2739 396 2816; x_wconf 87' lang='lat' dir='ltr'>diversitas,</span> <span class='ocrx_word' id='word_1_212' title='bbox 428 2760 503 2824; x_wconf 87' lang='lat' dir='ltr'>quae</span> <span class='ocrx_word' id='word_1_213' title='bbox 528 2738 561 2802; x_wconf 91' lang='lat' dir='ltr'>in</span> <span class='ocrx_word' id='word_1_214' title='bbox 583 2740 750 2824; x_wconf 87' lang='lat' dir='ltr'>praesentis</span> <span class='ocrx_word' id='word_1_215' title='bbox 776 2739 1013 2802; x_wconf 77' lang='lat' dir='ltr'>conformatione</span> <span class='ocrx_word' id='word_1_216' title='bbox 1039 2739 1200 2817; x_wconf 88' lang='lat' dir='ltr'>delitescit,</span> 
     </span>
     <span class='ocr_line' id='line_1_25' title="bbox 99 2839 1202 2928; baseline 0.003 -25"><span class='ocrx_word' id='word_1_217' title='bbox 99 2855 206 2926; x_wconf 90' lang='lat' dir='ltr'>apparet</span> <span class='ocrx_word' id='word_1_218' title='bbox 230 2851 336 2910; x_wconf 88' lang='lat' dir='ltr'>antem</span> <span class='ocrx_word' id='word_1_219' title='bbox 365 2853 396 2906; x_wconf 89' lang='lat' dir='ltr'>et</span> <span class='ocrx_word' id='word_1_220' title='bbox 423 2841 572 2928; x_wconf 88' lang='lat' dir='ltr'>promitur</span> <span class='ocrx_word' id='word_1_221' title='bbox 598 2843 631 2906; x_wconf 90' lang='lat' dir='ltr'>in</span> <span class='ocrx_word' id='word_1_222' title='bbox 660 2843 827 2908; x_wconf 75' lang='lat' dir='ltr'>derivatis?</span> <span class='ocrx_word' id='word_1_223' title='bbox 871 2841 973 2926; x_wconf 86' lang='lat' dir='ltr'>ltaque</span> <span class='ocrx_word' id='word_1_224' title='bbox 996 2863 1013 2904; x_wconf 91' lang='lat' dir='ltr'>a</span> <span class='ocrx_word' id='word_1_225' title='bbox 1035 2839 1104 2924; x_wconf 84' lang='grc' dir='ltr'>ψίω</span> <span class='ocrx_word' id='word_1_226' title='bbox 1133 2842 1202 2906; x_wconf 92' lang='lat' dir='ltr'>duci</span> 
     </span>
     <span class='ocr_line' id='line_1_26' title="bbox 101 2935 1200 3034; baseline 0.001 -25"><span class='ocrx_word' id='word_1_227' title='bbox 101 2948 183 3027; x_wconf 87' lang='lat' dir='ltr'>potnit</span> <span class='ocrx_word' id='word_1_228' title='bbox 198 2945 259 3034; x_wconf 78' lang='grc' dir='ltr'>ψίξ</span> <span class='ocrx_word' id='word_1_229' title='bbox 283 2967 351 3010; x_wconf 90' lang='lat' dir='ltr'>cum</span> <span class='ocrx_word' id='word_1_230' title='bbox 373 2945 585 3030; x_wconf 86' lang='lat' dir='ltr'>anticipatione</span> <span class='ocrx_word' id='word_1_231' title='bbox 608 2947 676 3034; x_wconf 86' lang='lat' dir='ltr'>ejos</span> <span class='ocrx_word' id='word_1_232' title='bbox 693 2945 812 3022; x_wconf 86' lang='lat' dir='ltr'>literae,</span> <span class='ocrx_word' id='word_1_233' title='bbox 836 2966 912 3028; x_wconf 88' lang='lat' dir='ltr'>quae</span> <span class='ocrx_word' id='word_1_234' title='bbox 934 2945 966 3007; x_wconf 91' lang='lat' dir='ltr'>in</span> <span class='ocrx_word' id='word_1_235' title='bbox 985 2935 1080 3034; x_wconf 71' lang='grc' dir='ltr'>ψήχει</span> <span class='ocrx_word' id='word_1_236' title='bbox 1101 2967 1200 3010; x_wconf 88' lang='lat' dir='ltr'>emer·</span> 
     </span>
     <span class='ocr_line' id='line_1_27' title="bbox 98 3035 1197 3138; baseline 0.003 -27"><span class='ocrx_word' id='word_1_237' title='bbox 98 3047 150 3132; x_wconf 76' lang='lat' dir='ltr'>git,</span> <span class='ocrx_word' id='word_1_238' title='bbox 177 3071 195 3113; x_wconf 86' lang='lat' dir='ltr'>a</span> <span class='ocrx_word' id='word_1_239' title='bbox 216 3048 308 3138; x_wconf 79' lang='grc' dir='ltr'><em>φλέω</em></span> <span class='ocrx_word' id='word_1_240' title='bbox 333 3047 442 3135; x_wconf 76' lang='grc' dir='ltr'><strong><em>φλέψ,</em></strong></span> <span class='ocrx_word' id='word_1_241' title='bbox 473 3049 571 3114; x_wconf 86' lang='lat' dir='ltr'>vocali</span> <span class='ocrx_word' id='word_1_242' title='bbox 593 3035 725 3132; x_wconf 60' lang='lat' dir='ltr'>dquam</span> <span class='ocrx_word' id='word_1_243' title='bbox 746 3071 856 3112; x_wconf 91' lang='lat' dir='ltr'>nomen</span> <span class='ocrx_word' id='word_1_244' title='bbox 878 3038 982 3122; x_wconf 67' lang='lat' dir='ltr'>mlada</span> <span class='ocrx_word' id='word_1_245' title='bbox 1007 3049 1139 3132; x_wconf 84' lang='lat' dir='ltr'>praefert</span> <span class='ocrx_word' id='word_1_246' title='bbox 1155 3051 1197 3133; x_wconf 90' lang='lat'>³),</span> 
     </span>
     <span class='ocr_line' id='line_1_28' title="bbox 100 3144 1200 3238; baseline 0.005 -27"><span class='ocrx_word' id='word_1_247' title='bbox 100 3150 126 3212; x_wconf 91' lang='lat' dir='ltr'>in</span> <span class='ocrx_word' id='word_1_248' title='bbox 145 3161 359 3219; x_wconf 85' lang='lat' dir='ltr'>consonantem</span> <span class='ocrx_word' id='word_1_249' title='bbox 381 3171 472 3216; x_wconf 89' lang='lat' dir='ltr'>versa</span> <span class='ocrx_word' id='word_1_250' title='bbox 494 3161 527 3214; x_wconf 91' lang='lat' dir='ltr'>ut</span> <span class='ocrx_word' id='word_1_251' title='bbox 547 3152 580 3214; x_wconf 91' lang='lat' dir='ltr'>in</span> <span class='ocrx_word' id='word_1_252' title='bbox 602 3144 686 3218; x_wconf 76' lang='lat' dir='ltr'>dodo</span> <span class='ocrx_word' id='word_1_253' title='bbox 711 3150 814 3238; x_wconf 74' lang='grc' dir='ltr'><em>ὃὲφω,</em></span> <span class='ocrx_word' id='word_1_254' title='bbox 838 3149 900 3217; x_wconf 81' lang='grc' dir='ltr'>δέω</span> <span class='ocrx_word' id='word_1_255' title='bbox 922 3144 1007 3217; x_wconf 81' lang='lat' dir='ltr'>derio</span> <span class='ocrx_word' id='word_1_256' title='bbox 1030 3146 1200 3237; x_wconf 75' lang='grc' dir='ltr'>ἐπιδευής,</span> 
     </span>
     <span class='ocr_line' id='line_1_29' title="bbox 101 3248 1201 3340; baseline 0.004 -26"><span class='ocrx_word' id='word_1_257' title='bbox 101 3253 199 3334; x_wconf 88' lang='lat' dir='ltr'>debeo,</span> <span class='ocrx_word' id='word_1_258' title='bbox 223 3255 342 3320; x_wconf 87' lang='lat' dir='ltr'>debilis.</span> <span class='ocrx_word' id='word_1_259' title='bbox 380 3254 420 3317; x_wconf 85' lang='lat' dir='ltr'>Et</span> <span class='ocrx_word' id='word_1_260' title='bbox 441 3254 544 3318; x_wconf 86' lang='lat' dir='ltr'>eadem</span> <span class='ocrx_word' id='word_1_261' title='bbox 566 3255 685 3320; x_wconf 88' lang='lat' dir='ltr'>ratione</span> <span class='ocrx_word' id='word_1_262' title='bbox 707 3257 743 3319; x_wconf 90' lang='lat' dir='ltr'>ab</span> <span class='ocrx_word' id='word_1_263' title='bbox 765 3251 918 3340; x_wconf 77' lang='lat' dir='ltr'>oiidoprorr</span> <span class='ocrx_word' id='word_1_264' title='bbox 938 3248 1057 3340; x_wconf 72' lang='grc' dir='ltr'><em>άλύκη,</em></span> <span class='ocrx_word' id='word_1_265' title='bbox 1083 3254 1201 3330; x_wconf 87' lang='lat' dir='ltr'>cincus,</span> 
     </span>
     <span class='ocr_line' id='line_1_30' title="bbox 100 3348 1232 3448; baseline -0.001 -28"><span class='ocrx_word' id='word_1_266' title='bbox 100 3349 231 3448; x_wconf 76' lang='grc' dir='ltr'>ἅλιῖλυγξ</span> <span class='ocrx_word' id='word_1_267' title='bbox 252 3357 276 3422; x_wconf 90' lang='lat' dir='ltr'>i.</span> <span class='ocrx_word' id='word_1_268' title='bbox 296 3379 325 3442; x_wconf 82' lang='lat' dir='ltr'>q.</span> <span class='ocrx_word' id='word_1_269' title='bbox 348 3350 450 3432; x_wconf 74' lang='grc' dir='ltr'><em>ἅλυς,</em></span> <span class='ocrx_word' id='word_1_270' title='bbox 472 3357 508 3423; x_wconf 86' lang='lat' dir='ltr'>ab</span> <span class='ocrx_word' id='word_1_271' title='bbox 527 3351 611 3446; x_wconf 74' lang='grc' dir='ltr'><em>ἒρύω</em></span> <span class='ocrx_word' id='word_1_272' title='bbox 634 3348 757 3443; x_wconf 54' lang='lat' dir='ltr'>doram,</span> <span class='ocrx_word' id='word_1_273' title='bbox 782 3361 878 3446; x_wconf 70' lang='grc' dir='ltr'>ἕριιγξ</span> <span class='ocrx_word' id='word_1_274' title='bbox 896 3355 934 3426; x_wconf 77' lang='lat' dir='ltr'>sd</span> <span class='ocrx_word' id='word_1_275' title='bbox 954 3365 1050 3442; x_wconf 77' lang='grc' dir='ltr'><strong><em>ἕρκος</em></strong></span> <span class='ocrx_word' id='word_1_276' title='bbox 1068 3355 1201 3445; x_wconf 85' lang='lat' dir='ltr'>Hesych.</span> <span class='ocrx_word' id='word_1_277' title='bbox 1227 3396 1232 3402; x_wconf 90' lang='lat'>·</span> 
     </span>
     <span class='ocr_line' id='line_1_31' title="bbox 102 3455 1202 3546; baseline 0.003 -24"><span class='ocrx_word' id='word_1_278' title='bbox 102 3462 174 3545; x_wconf 88' lang='lat' dir='ltr'>cajus</span> <span class='ocrx_word' id='word_1_279' title='bbox 195 3461 357 3536; x_wconf 84' lang='lat' dir='ltr'>exiliorem</span> <span class='ocrx_word' id='word_1_280' title='bbox 379 3461 505 3526; x_wconf 84' lang='lat' dir='ltr'>formam</span> <span class='ocrx_word' id='word_1_281' title='bbox 521 3481 638 3524; x_wconf 68' lang='lat' dir='ltr'>rnomen</span> <span class='ocrx_word' id='word_1_282' title='bbox 660 3462 771 3526; x_wconf 90' lang='lat' dir='ltr'>montis</span> <span class='ocrx_word' id='word_1_283' title='bbox 788 3455 890 3546; x_wconf 80' lang='grc' dir='ltr'><em>Ἔρυξ</em></span> <span class='ocrx_word' id='word_1_284' title='bbox 912 3461 1010 3524; x_wconf 91' lang='lat' dir='ltr'>reddit</span> <span class='ocrx_word' id='word_1_285' title='bbox 1031 3461 1054 3524; x_wconf 89' lang='lat' dir='ltr'>i.</span> <span class='ocrx_word' id='word_1_286' title='bbox 1073 3481 1102 3544; x_wconf 83' lang='lat' dir='ltr'>q.</span> <span class='ocrx_word' id='word_1_287' title='bbox 1128 3463 1202 3544; x_wconf 80' lang='grc' dir='ltr'><em>ἔρυ-</em></span> 
     </span>
     <span class='ocr_line' id='line_1_32' title="bbox 100 3560 1204 3650; baseline -0.003 -21"><span class='ocrx_word' id='word_1_288' title='bbox 100 3585 145 3647; x_wconf 81' lang='lat' dir='ltr'>prc</span> <span class='ocrx_word' id='word_1_289' title='bbox 168 3577 202 3630; x_wconf 89' lang='lat' dir='ltr'>ut</span> <span class='ocrx_word' id='word_1_290' title='bbox 228 3563 375 3650; x_wconf 78' lang='grc' dir='ltr'><strong><em>Τμῶλος</em></strong></span> <span class='ocrx_word' id='word_1_291' title='bbox 399 3567 512 3650; x_wconf 74' lang='grc' dir='ltr'><strong><em>ἔρυμα</em></strong></span> <span class='ocrx_word' id='word_1_292' title='bbox 532 3561 665 3638; x_wconf 76' lang='grc' dir='ltr'><em>Λυδίας</em></span> <span class='ocrx_word' id='word_1_293' title='bbox 686 3565 762 3631; x_wconf 86' lang='lat' dir='ltr'>Eur.</span> <span class='ocrx_word' id='word_1_294' title='bbox 784 3561 894 3628; x_wconf 87' lang='lat' dir='ltr'>Bacch.</span> <span class='ocrx_word' id='word_1_295' title='bbox 918 3560 972 3628; x_wconf 87' lang='lat'>55.</span> <span class='ocrx_word' id='word_1_296' title='bbox 1003 3573 1038 3626; x_wconf 92' lang='lat' dir='ltr'>ut</span> <span class='ocrx_word' id='word_1_297' title='bbox 1064 3573 1095 3624; x_wconf 87' lang='lat' dir='ltr'>et</span> <span class='ocrx_word' id='word_1_298' title='bbox 1116 3581 1204 3626; x_wconf 75' lang='lat' dir='ltr'>moras</span> 
     </span>
     <span class='ocr_line' id='line_1_33' title="bbox 103 3656 1204 3755; baseline 0.001 -26"><span class='ocrx_word' id='word_1_299' title='bbox 103 3686 161 3730; x_wconf 88' lang='lat' dir='ltr'>cnm</span> <span class='ocrx_word' id='word_1_300' title='bbox 178 3661 274 3755; x_wconf 70' lang='lat' dir='ltr'>pedor]</span> <span class='ocrx_word' id='word_1_301' title='bbox 293 3688 399 3730; x_wconf 84' lang='lat' dir='ltr'>moene</span> <span class='ocrx_word' id='word_1_302' title='bbox 421 3677 580 3750; x_wconf 73' lang='lat' dir='ltr'>cognatum</span> <span class='ocrx_word' id='word_1_303' title='bbox 600 3667 739 3746; x_wconf 79' lang='lat' dir='ltr'>videtnr3</span> <span class='ocrx_word' id='word_1_304' title='bbox 768 3687 786 3732; x_wconf 94' lang='lat' dir='ltr'>a</span> <span class='ocrx_word' id='word_1_305' title='bbox 804 3657 924 3754; x_wconf 69' lang='grc' dir='ltr'>μηρῦω</span> <span class='ocrx_word' id='word_1_306' title='bbox 945 3656 1113 3751; x_wconf 71' lang='grc' dir='ltr'>(μηρύκω,</span> <span class='ocrx_word' id='word_1_307' title='bbox 1136 3689 1204 3752; x_wconf 80' lang='grc' dir='ltr'>μη-</span> 
     </span>
     <span class='ocr_line' id='line_1_34' title="bbox 102 3766 1294 3862; baseline -0.004 -26"><span class='ocrx_word' id='word_1_308' title='bbox 102 3773 260 3859; x_wconf 78' lang='grc' dir='ltr'>ρυκώμιιι)</span> <span class='ocrx_word' id='word_1_309' title='bbox 283 3766 395 3858; x_wconf 66' lang='grc' dir='ltr'><em>μῄρυξ</em></span> <span class='ocrx_word' id='word_1_310' title='bbox 416 3769 518 3854; x_wconf 89' lang='lat' dir='ltr'>piscis,</span> <span class='ocrx_word' id='word_1_311' title='bbox 542 3789 630 3853; x_wconf 81' lang='lat' dir='ltr'>quem</span> <span class='ocrx_word' id='word_1_312' title='bbox 651 3770 831 3862; x_wconf 62' lang='lat' dir='ltr'>ipristotcles</span> <span class='ocrx_word' id='word_1_313' title='bbox 854 3767 923 3836; x_wconf 80' lang='grc' dir='ltr'>α’πὸ</span> <span class='ocrx_word' id='word_1_314' title='bbox 942 3768 1006 3834; x_wconf 76' lang='grc' dir='ltr'>τοῦ</span> <span class='ocrx_word' id='word_1_315' title='bbox 1027 3772 1127 3855; x_wconf 72' lang='grc' dir='ltr'><strong><em>ἔργον</em></strong></span> <span class='ocrx_word' id='word_1_316' title='bbox 1148 3787 1205 3832; x_wconf 82' lang='lat' dir='ltr'>ro·</span> <span class='ocrx_word' id='word_1_317' title='bbox 1290 3833 1294 3842; x_wconf 69' lang='grc'><strong><em>,</em></strong></span> 
     </span>
     <span class='ocr_line' id='line_1_35' title="bbox 104 3858 1204 3962; baseline -0.001 -27"><span class='ocrx_word' id='word_1_318' title='bbox 104 3883 191 3936; x_wconf 85' lang='lat' dir='ltr'>ratum</span> <span class='ocrx_word' id='word_1_319' title='bbox 213 3895 281 3940; x_wconf 87' lang='lat' dir='ltr'>esse</span> <span class='ocrx_word' id='word_1_320' title='bbox 298 3858 363 3950; x_wconf 76' lang='lat' dir='ltr'>lie,</span> <span class='ocrx_word' id='word_1_321' title='bbox 394 3895 413 3938; x_wconf 91' lang='lat' dir='ltr'>a</span> <span class='ocrx_word' id='word_1_322' title='bbox 434 3865 504 3942; x_wconf 75' lang='lat' dir='ltr'>acio</span> <span class='ocrx_word' id='word_1_323' title='bbox 530 3871 652 3962; x_wconf 72' lang='lat' dir='ltr'>(adpo)</span> <span class='ocrx_word' id='word_1_324' title='bbox 676 3867 737 3948; x_wconf 69' lang='grc' dir='ltr'>νύξ</span> <span class='ocrx_word' id='word_1_325' title='bbox 758 3872 855 3948; x_wconf 76' lang='lat' dir='ltr'>raude,</span> <span class='ocrx_word' id='word_1_326' title='bbox 886 3892 960 3955; x_wconf 86' lang='lat' dir='ltr'>quae</span> <span class='ocrx_word' id='word_1_327' title='bbox 983 3882 1029 3934; x_wconf 91' lang='lat' dir='ltr'>est</span> <span class='ocrx_word' id='word_1_328' title='bbox 1051 3871 1139 3936; x_wconf 85' lang='lat' dir='ltr'>solita</span> <span class='ocrx_word' id='word_1_329' title='bbox 1161 3869 1204 3934; x_wconf 84' lang='lat' dir='ltr'>la·</span> 
     </span>
     <span class='ocr_line' id='line_1_36' title="bbox 103 3971 1204 4068; baseline 0.001 -33"><span class='ocrx_word' id='word_1_330' title='bbox 103 3971 214 4042; x_wconf 81' lang='lat' dir='ltr'>bialiam</span> <span class='ocrx_word' id='word_1_331' title='bbox 235 3989 268 4051; x_wconf 87' lang='lat' dir='ltr'>ct</span> <span class='ocrx_word' id='word_1_332' title='bbox 288 3977 484 4068; x_wconf 74' lang='lat' dir='ltr'>gutturalium</span> <span class='ocrx_word' id='word_1_333' title='bbox 505 3977 692 4044; x_wconf 86' lang='lat' dir='ltr'>vicissitudo.</span> <span class='ocrx_word' id='word_1_334' title='bbox 734 3974 855 4040; x_wconf 85' lang='lat' dir='ltr'>Etenim</span> <span class='ocrx_word' id='word_1_335' title='bbox 878 3975 958 4060; x_wconf 84' lang='lat' dir='ltr'>talpa</span> <span class='ocrx_word' id='word_1_336' title='bbox 981 3973 1072 4061; x_wconf 81' lang='lat' dir='ltr'>vulgo</span> <span class='ocrx_word' id='word_1_337' title='bbox 1095 3973 1204 4038; x_wconf 88' lang='lat' dir='ltr'>dicitnr</span> 
     </span>
    </p>
   </div>
   <div class='ocr_carea' id='block_1_5' title="bbox 167 4198 971 4275">
    <p class='ocr_par' dir='ltr' id='par_1_5' title="bbox 167 4198 971 4275">
     <span class='ocr_line' id='line_1_37' title="bbox 167 4198 971 4275; baseline -0.001 -22"><span class='ocrx_word' id='word_1_338' title='bbox 167 4200 194 4268; x_wconf 75' lang='grc'>3)</span> <span class='ocrx_word' id='word_1_339' title='bbox 209 4201 317 4256; x_wconf 85' lang='lat' dir='ltr'>Photins</span> <span class='ocrx_word' id='word_1_340' title='bbox 337 4198 602 4275; x_wconf 53' lang='lat' dir='ltr'>ddstdcacavsspdam</span> <span class='ocrx_word' id='word_1_341' title='bbox 614 4203 649 4256; x_wconf 79' lang='lat' dir='ltr'>oi.</span> <span class='ocrx_word' id='word_1_342' title='bbox 670 4201 820 4256; x_wconf 81' lang='lat' dir='ltr'>Schneider.</span> <span class='ocrx_word' id='word_1_343' title='bbox 839 4200 902 4254; x_wconf 84' lang='lat' dir='ltr'>Lex.</span> <span class='ocrx_word' id='word_1_344' title='bbox 924 4198 971 4254; x_wconf 86' lang='lat' dir='ltr'>Gr.</span> 
     </span>
    </p>
   </div>
   <div class='ocr_carea' id='block_1_6' title="bbox 0 0 1474 4894">
    <p class='ocr_par' dir='ltr' id='par_1_6' title="bbox 0 0 1474 4894">
     <span class='ocr_line' id='line_1_38' title="bbox 0 0 1474 4894; baseline 0 1"><span class='ocrx_word' id='word_1_345' title='bbox 0 0 1474 4894; x_wconf 95' lang='lat' dir='ltr'> </span> 
     </span>
    </p>
   </div>
  </div>
 </body>
</html>
