2940 4894
243 319 315 405 ιοοΙ
602 315 928 399 οιόοοιιοοοιο
955 321 1001 398 11.
1133 430 1135 442 Ι

245 511 388 580 Eustatb.
417 533 449 598 p.
469 507 565 589 1288,
588 493 643 576 do.
688 509 824 576 Addatur
843 509 890 575 bis
913 505 1003 598 Γρόξ
1024 507 1043 578 ὅ
1064 501 1171 598 (λόγιος
1196 507 1259 579 τοῦ
1279 505 1366 580 ὅου.

243 641 302 708 χος
330 616 413 680 Suid.
444 623 475 678 et
504 613 637 700 Hesycb.
668 613 773 698 quibus
803 613 905 676 verbis
926 611 1101 697 particulam
1122 611 1187 700 ppei
1208 614 1366 699 explicare

179 739 182 756 ¹
248 719 360 793 solent,
384 716 594 801 geminumque
617 735 666 799 ap.
690 715 794 799 Etym.
817 713 896 777 Gud.
921 736 950 799 p.
976 714 1050 791 130,
1081 713 1133 779 10.
1165 710 1246 803 ppei}
1266 713 1365 803 emp&

243 819 282 887 τό
303 811 447 908 νρόζειν,
470 813 604 908 ἰσχυρός
626 821 663 882 ἐν
685 817 731 905 τῷ
753 807 922 900 ιῖρτιοίζειν
945 818 1001 884 ναί
1023 812 1185 905 όνοισττᾷν
1207 817 1271 906 τήν
1288 812 1366 906 θή-

125 921 130 932 ’
243 945 319 1010 ραν,
348 942 423 1006 quae
454 919 664 1004 interpretatio
697 919 840 982 convenit
868 922 898 982 in
928 942 1037 984 nomen
1065 913 1158 1009 γρόψ
1166 949 1181 1004 3
1208 932 1366 1006 postremo

247 1019 313 1112 φόξ
334 1022 428 1109 τιαροί
451 1019 512 1090 τόν
534 1017 625 1109 (palice
648 1021 819 1118 Ιιιίλλοντα
834 1020 943 1106 ,Etym
967 1023 1009 1085 Μ.
1027 1021 1103 1100 892,
1126 1022 1181 1088 46.
1206 1025 1281 1109 quod
1298 1047 1366 1089 am·

244 1127 313 1214 bigo
344 1137 444 1190 utrum
473 1113 654 1210 adjectivum
685 1145 724 1188 an
753 1123 974 1214 substantivum
991 1145 1071 1190 esse
1100 1126 1249 1222 voluerit;
1286 1127 1367 1191 illud

247 1218 310 1293 non
332 1238 419 1292 σκιαί
447 1247 571 1311 nsquam
594 1226 654 1290 nisi
676 1247 743 1289 enm
772 1227 948 1308 praeverbio
976 1227 1169 1312 compositum
1198 1225 1365 1316 πρόςφιιξ,

243 1331 374 1395 alterum
388 1329 577 1394 Ptolemaeus
599 1329 631 1392 in
654 1327 806 1392 homerico
830 1321 959 1416 φιίγοιιλο
982 1351 1140 1418 superesse
1162 1331 1218 1394 sibi
1237 1353 1367 1416 persua·

243 1433 285 1497 sit
307 1453 338 1496 v.
366 1431 467 1495 Schol.
497 1429 534 1494 ll.
558 1432 609 1498 Π.
634 1427 709 1495 697.
740 1430 792 1493 sed
821 1431 930 1494 merito
961 1433 1098 1497 desertus
1128 1444 1185 1497 est.
1231 1432 1366 1498 Etbnica

242 1544 314 1599 sunt
340 1527 434 1620 Βρόξ
462 1543 493 1598 et
521 1525 626 1622 Φρύξ,
656 1541 794 1616 suspecta
822 1551 898 1614 quae
922 1531 1136 1620 Theognostus
1159 1535 1305 1598 admiscet
1327 1557 1361 1620 p.

245 1633 320 1702 132.
345 1631 445 1723 στρόξ
467 1646 498 1700 et
520 1627 616 1722 σφόξ,
639 1655 765 1719 quorum
787 1634 871 1718 prius
893 1635 1034 1700 tortasse
1048 1649 1095 1702 est
1117 1659 1227 1702 nomen
1249 1637 1366 1703 herbae

242 1729 422 1828 στρόχνον,
448 1740 578 1802 alterum
601 1759 658 1825 pro
680 1731 768 1813 τινόξ
789 1737 975 1821 subrepsisse
997 1739 1129 1803 videtur.

253 1861 256 1866 '
328 1846 394 1916 Εἰς
416 1827 465 1919 d}
480 1833 725 1928 μονοσύλλαβα
749 1838 852 1906 πέντε
873 1843 937 1906 εἰσι
949 1838 1028 1929 pleiz,
1044 1837 1146 1920 τιτοίξ,
1161 1834 1236 1931 ῥοίξ,
1252 1839 1360 1930 προίξ,

173 1939 175 1944 ’
245 1939 308 2021 dli}
340 1943 525 2028 Theognost.
547 1963 579 2042 p.
598 1940 652 2006 49.
683 1940 812 2008 σπάνια
838 1939 881 2008 τό
911 1946 958 2016 εἷς
989 1929 1041 2024 dg,
1063 1947 1253 2032 repensio),
1275 1940 1360 2034 βοίξ,

243 2042 308 2136 dol}
339 2044 435 2112 ὃόιοί
457 2047 565 2133 τοόν
593 2043 742 2111 κλίνεται
768 2043 955 2110 Herodianus
983 2047 1121 2110 Eustatb.
1145 2055 1174 2132 p.
1201 2045 1297 2124 1922,
1322 2046 1358 2111 5.

243 2159 372 2233 uterque
394 2148 640 2232 praetermittens
663 2147 792 2231 simplex
812 2139 897 2234 τροίξ
919 2147 992 2234 (nisi
1008 2148 1060 2213 ille
1075 2144 1208 2234 ροοοίλξ
1222 2149 1360 2233 scripsit)

242 2252 327 2336 cujus
355 2250 517 2335 singularis
544 2271 605 2316 non
637 2249 805 2327 invenitur,
840 2251 892 2314 sed
920 2251 1043 2339 τρῶγος
1075 2250 1184 2340 θηρία
1212 2257 1251 2318 ἐν
1282 2263 1360 2326 τοῖς

241 2348 395 2439 ὀσπρίοις
417 2351 504 2418 Pbot.
530 2351 580 2438 qui
602 2363 634 2416 et
654 2351 800 2439 τρῶκται
822 2351 963 2417 dicuutur
984 2354 1196 2440 Hieraoosoph.
1222 2378 1252 2440 p.
1279 2354 1357 2420 181.

241 2467 274 2520 et
294 2453 522 2543 τρωξαλλίδες.
566 2455 611 2518 Ac
632 2454 790 2519 vermiculi
818 2475 928 2518 nomeu
951 2455 1029 2520 haud
1051 2458 1137 2521 dubie
1159 2458 1360 2523 masculinum

242 2569 308 2638 est3
346 2557 522 2624 femininum
554 2575 627 2622 vero
655 2557 876 2622 substantivum
903 2558 1026 2647 vpoiyee
1049 2560 1194 2648 τρόγλαι
1221 2561 1355 2647 Hesycb.

239 2673 275 2726 nt
294 2653 406 2750 γροίνη
428 2681 446 2724 a
466 2651 569 2749 ppulo,
591 2659 715 2724 undeet
734 2652 846 2747 ypopb'p'
867 2653 999 2749 βόθρος
1020 2663 1239 2749 Ηοογο6.,ι1ιιοί
1252 2675 1356 2749 potest

241 2771 273 2828 et
302 2764 428 2830 latinum
458 2763 562 2828 scrobs
592 2762 623 2826 id
653 2773 700 2826 est
729 2763 815 2825 ίοαιο
843 2782 974 2840 caesus,
1009 2765 1068 2829 nisi
1098 2777 1257 2852 utromque
1286 2788 1357 2831 eum

242 2859 360 2956 plc'po
392 2863 547 2932 cohaeret
572 2951 579 2962 ,
600 2862 704 2948 Neque
732 2865 927 2930 omittendum
959 2879 1025 2933 erat
1053 2866 1145 2957 προίξ
1171 2868 1196 2956 ἦ
1222 2873 1359 2958 προιίνη

243 2962 363 3058 δρόσος
385 2963 453 3036 dard
473 2967 537 3034 τοῦ
558 2971 651 3053 πρωί
668 2965 769 3030 Sobel.
789 2967 917 3047 Theocr.
936 2969 988 3034 lV.
1012 2970 1045 3036 6.
1070 2973 1148 3060 quod
1170 2972 1289 3036 doricae
1304 2974 1359 3038 ad·
1437 2997 1440 3004 ·

242 3073 386 3137 scribitur
407 3070 535 3142 dialecto
556 3091 588 3134 v.
607 3068 736 3152 Gregor.
761 3091 790 3154 p.
809 3068 885 3136 274.
909 3093 1063 3157 perperam
1085 3073 1359 3160 aLexic'ograpbis

240 3175 354 3240 nostris
383 3171 557 3237 masculinis
589 3171 816 3236 adnumeratum
846 3192 878 3239 v.
904 3173 1024 3238 Gallim.
1057 3177 1095 3241 H.
1111 3177 1182 3262 „Ap
1203 3177 1257 3240 41.
1308 3176 1358 3241 Ae

237 3278 359 3368 γλῶχες
381 3297 496 3360 quoque
519 3273 576 3339 huc
597 3273 707 3340 referri
729 3276 840 3340 meruit
862 3297 903 3341 ex
925 3278 1053 3342 Hesiodo
1067 3277 1152 3344 Scut.
1174 3278 1248 3345 398.
1276 3281 1357 3364 quod
1460 3295 1461 3321 ³

239 3383 273 3446 in
302 3379 456 3445 nonnullis
485 3378 570 3443 libris
599 3378 799 3468 ποριγλῶχος
820 3379 973 3459 scribitur,
1007 3383 1122 3459 eodem,
1151 3395 1186 3447 ut
1208 3383 1354 3460 arbitror,

240 3503 354 3569 genere
383 3483 533 3567 signatum
561 3503 619 3567 qno
649 3481 748 3544 affinia
776 3482 910 3570 γλῶσσα
932 3493 964 3546 et
982 3482 1113 3574 γλωχίς.
1157 3485 1215 3548 Sed
1236 3486 1356 3571 revisa-

240 3607 308 3651 mus
335 3586 372 3649 ad
400 3585 601 3650 Eustatbium·
646 3575 735 3659 ‘Pata
757 3583 851 3662 illud,
884 3585 969 3671 cujus
998 3585 1081 3650 solus
1109 3599 1247 3674 superest
1275 3573 1355 3672 apud

239 3689 402 3753 Homerum
431 3687 623 3752 accusativus
653 3687 778 3776 ρ’ὠγοις,
806 3688 983 3757 femininum
1011 3711 1078 3755 esse
1097 3703 1128 3756 et
1148 3690 1225 3757 ratio
1247 3691 1356 3775 probat

201 3877 205 3884 ,
241 3801 273 3856 et
300 3793 464 3856 auctoritas
492 3789 643 3856 Eustatbii
671 3789 763 3874 ipsius
792 3790 815 3854 l.
840 3811 867 3853 c.
892 3790 1021 3856 alterum
1042 3815 1136 3871 vero,
1167 3794 1354 3879 quodmodo

240 3895 359 3958 acinum
383 3893 534 3979 significat
554 3893 641 3957 modo
664 3915 766 3970 uvam,
790 3903 949 3978 utrumque
962 3915 1057 3980 genus
1072 3897 1245 3980 participata
1268 3897 1355 3985 ylo-

235 3994 378 4084 ιιιιισίιλης
401 3995 505 4084 ῥῶγις
526 3994 654 4084 σιορῥοί
675 3999 761 4064 εἰσιν
784 3989 984 4083 ἐσθιόμενοι
1011 3998 1148 4064 Dioscor.
1173 4000 1285 4085 Eupor.
1311 3997 1351 4064 ll.
1459 4059 1460 4082 1

236 4099 315 4164 111.
339 4121 369 4185 p.
388 4097 463 4164 309.
489 4109 521 4162 et
539 4098 609 4164 aliis
631 4099 706 4164 locis
728 4100 765 4162 ad
788 4099 901 4186 Pbryn.
923 4122 953 4185 p.
971 4099 1024 4165 76.
1044 4101 1175 4180 allatis}
1192 4103 1354 4168 diversitas

239 4211 340 4270 autem
362 4211 519 4281 accentus,
549 4221 637 4288 quam
660 4201 765 4268 Suidas
787 4201 907 4268 tradere
929 4203 1060 4281 uidetur,
1089 4197 1155 4296 ρόξ
1179 4203 1268 4280 eidos
1289 4229 1353 4292 φα-
