2940 4894
306 301 366 370 00
395 247 558 372 honlo.
587 297 760 370 nouos.
794 303 830 369 0.
853 243 878 368 r.
909 305 938 389 ς.
963 303 1015 370 tt.
1160 301 1226 374 aro

111 486 195 561 heut,
213 495 250 548 ut
268 501 307 549 00
324 483 469 549 duntaxat
483 481 520 546 ad
542 483 759 568 explanandam
780 483 1011 568 compositorum
1032 483 1179 571 originem
1194 501 1226 556 ct

110 587 282 672 analogiam
311 587 383 671 hugi
412 597 564 670 appareat,
596 579 687 649 sicuti
708 586 856 669 adjectivo
877 581 1073 677 παραβλήψ
1096 591 1225 675 simplex

109 690 316 776 praestruitur
336 680 436 776 βλοίψ
459 710 476 752 0
497 687 614 776 βλέψω
635 709 668 752 v.
696 681 801 752 00100.
820 709 848 772 p.
867 687 920 752 86.
944 689 1056 754 Zonar.
1072 691 1095 754 l.
1114 715 1142 758 c.
1162 705 1222 760 eto.

108 792 330 858 Decliuationis
361 789 495 877 regulam
524 791 614 854 tradit
637 789 815 874 Anonymus
839 791 1002 877 Schedogr.
1027 816 1058 878 p.
1080 792 1155 858 335.
1186 797 1223 862 T.

110 895 162 960 111.
178 895 296 960 Αο001.
314 893 460 958 Boissou=
490 889 533 960 τοί
556 897 604 966 είς
624 907 653 980 ψ
675 889 730 959 διαί
753 892 816 958 τοῦ
838 919 866 960 π
887 892 1036 962 κλίνεται
1056 893 1148 983 πλήν
1162 895 1226 966 τοῦ

110 997 172 1083 λίψ
196 995 215 1064 ὁ
239 991 383 1083 σ’ίνεμσς,
413 994 477 1083 νίψ
499 992 522 1082 ή
544 991 662 1082 κρήνη,
692 991 771 1082 ψοίψ
797 995 854 1062 καί
876 996 978 1084 φλέψ,
1009 1000 1087 1082 quod
1109 1015 1227 1066 mesco«
1282 1023 1284 1028 ’
1343 1001 1345 1006 ’

109 1101 171 1165 line
211 1100 387 1164 enunciavit
419 1099 546 1163 Nouuus
576 1095 699 1162 XLVH.
732 1097 806 1161 111.
846 1097 966 1187 φλέβες
1001 1099 1225 1181 οἰδαίνσντες,

109 1199 234 1288 ipsaque
257 1201 430 1266 terminatio
451 1201 572 1284 utrique
589 1200 693 1286 generi
711 1200 828 1285 parite?
842 1213 921 1286 apta.
967 1201 1227 1290 Diphthougorom

109 1305 338 1390 inquisitionem
361 1303 446 1368 nohis
467 1303 596 1368 remittit
617 1303 719 1388 Etym.
744 1303 787 1368 Μ.
810 1295 887 1380 481,
911 1303 942 1368 3.
976 1301 1019 1370 aad
1042 1309 1089 1380 είς
1109 1295 1143 1394 ψ
1160 1306 1230 1394 τήν1

109 1407 307 1495 δίφθογγον
337 1400 601 1494 ἀποστρέφεται,
635 1425 733 1490 neque
765 1405 891 1470 multum
922 1408 1062 1492 ponderis
1097 1409 1227 1475 tribuam

108 1510 257 1596 Hesychii
278 1509 451 1573 testimonio
474 1505 589 1594 Σκσίψ
610 1499 723 1593 ψοίρα,
746 1529 821 1592 quae
843 1509 1053 1594 interpretatio
1075 1527 1141 1574 oum
1157 1533 1227 1578 scc-

108 1611 187 1690 1100,
211 1608 329 1691 κνήζα,
347 1611 501 1696 congruit.
548 1610 582 1674 10
605 1596 660 1697 'op—p
690 1611 884 1674 terminatum
908 1633 1001 1676 uuum
1024 1613 1121 1678 scium
1142 1614 1227 1680 iuda-

109 1716 252 1802 gavimus
274 1706 365 1800 σήψ,
395 1715 472 1800 quod
494 1714 545 1777 uhi
575 1714 763 1798 putredinem
785 1715 934 1797 siguificat
955 1715 1033 1778 idem
1056 1737 1151 1801 genus
1173 1715 1228 1781 ha·

110 1819 163 1882 het
187 1817 266 1902 quod
289 1838 439 1902 paragoge
461 1815 577 1905 σῆψις,
600 1812 766 1902 σηπειλοίν.
805 1816 889 1900 Apud
903 1817 1124 1902 Hippocratem,
1148 1821 1225 1884 uude

108 1921 275 1984 Erotiauus
289 1941 318 2003 p.
334 1919 409 1986 324.
433 1919 533 1995 affert,
557 1918 645 1984 hodie
667 1939 729 1982 uon
750 1919 913 2002 reperitur,
938 1922 990 1984 sed
1007 1921 1113 1990 Diosc.
1128 1921 1151 1985 1.
1167 1920 1224 2000 68,

18 2091 19 2114 p
110 2021 166 2087 73.
192 2018 368 2111 εὐχρηστεῑ
388 2024 436 2095 εἰς
459 2018 521 2096 ταῖς
544 2021 667 2107 σήπας.
713 2021 867 2106 Serpentis
884 2043 1025 2098 momen,
1058 2025 1142 2108 eujus
1172 2047 1227 2090 uo·

17 2114 18 2164 3
109 2126 278 2190 minativus
300 2125 411 2210 legitur
434 2124 522 2188 Paos.
545 2123 624 2189 Vlii.
648 2123 682 2201 4,
705 2123 737 2188 4.
761 2124 908 2188 Artemid.
927 2123 964 2190 11.
991 2124 1043 2203 13,
1069 2125 1142 2192 164.
1167 2129 1226 2192 Ae·

108 2229 184 2293 liau.
210 2227 248 2290 H.
275 2227 357 2291 Anu.
381 2226 469 2290 XVI.
497 2225 552 2291 40.
582 2226 748 2291 masculine
778 2226 888 2289 dicitur
910 2227 1039 2291 Aristoi.
1062 2229 1170 2294 Mirab.
1196 2253 1223 2295 c.

111 2329 188 2395 164.
214 2329 358 2394 feminine
380 2328 480 2394 Schoh
505 2329 543 2391 ad
564 2327 632 2394 Nic.
656 2329 747 2392 Ther.
773 2326 847 2391 517.
880 2329 1042 2416 eademque
1071 2331 1103 2394 iu
1132 2333 1227 2397 latino
1252 2330 1254 2342 '

110 2454 254 2498 sermone
276 2431 446 2496 diversitas.
492 2429 573 2495 Idem
602 2442 654 2495 aut
683 2429 781 2495 simile
809 2451 918 2493 nomeu
941 2431 1077 2498 Zouarae
1100 2421 1251 2499 redden«¹

112 2538 183 2600 dum
206 2557 261 2621 pro
281 2528 386 2622 Ῥήψ,
409 2529 522 2619 ὄνομα
544 2528 638 2614 coiea,
660 2532 712 2596 ubi
733 2533 766 2596 in
788 2533 853 2596 cod.
877 2531 957 2617 Aug.
982 2531 1045 2622 ῥίψ
1068 2537 1226 2620 scriptum.

112 2675 158 2690 --
185 2637 420 2703 Terminatiouis
449 2625 491 2724 ἷψ
520 2637 578 2702 tria
609 2637 746 2720 exempla
770 2636 880 2719 promit
901 2635 1003 2722 Etym.
1026 2635 1068 2700 M.
1093 2657 1122 2721 p.
1149 2637 1224 2716 568,

113 2741 166 2807 13.
203 2737 265 2826 λίψ
293 2737 454 2828 σημαίνει
480 2737 543 2807 τήν
572 2736 705 2825 α’ίνσμσν
733 2741 790 2807 καί
819 2737 883 2824 τήν
913 2732 1022 2824 ήτταν
1056 2738 1150 2826 παραὶ
1187 2739 1226 2808 τὸ

112 2842 218 2912 λείπω
248 2845 305 2912 καί
333 2841 399 2930 τήν
425 2839 549 2932 λιβοίδα
576 2840 671 2928 παραὶ
698 2839 738 2908 τὸ
758 2839 879 2929 λείβω·
910 2840 1007 2929 κνίψ,
1030 2836 1149 2931 κνιψός
1169 2846 1227 2914 καί

113 2940 246 3030 κνιπός,
269 2945 354 3033 Νίψ
375 2947 481 3034 νιβὸς,
505 2939 619 3033 ὄνομα
639 2941 775 3033 κρήνης,
797 2956 924 3030 quatuor
936 2943 1081 3011 Arcadius
1101 2971 1130 3032 p.
1150 2947 1225 3026 126,

114 3049 167 3116 19.
199 3051 244 3137 ip
271 3042 454 3136 ὄσκαίληξ,
484 3046 563 3136 λίψ,
584 3047 650 3136 νίψ
679 3044 793 3136 ὄνομα
821 3048 960 3132 κνίσσης
988 3047 1144 3137 (κρήνης)
1169 3052 1227 3119 καὶ

111 3151 210 3240 κνίψ.
255 3153 416 3218 Prosodiae
438 3173 494 3216 nos
517 3153 662 3217 certiores
686 3155 758 3216 facit
772 3153 872 3216 Draco
886 3173 914 3234 p.
932 3149 985 3227 53,
1007 3151 1059 3215 16.
1084 3164 1115 3217 et
1130 3155 1224 3240 liegg.

112 3257 202 3322 Pros.
227 3277 260 3319 0.
280 3253 334 3320 66.
366 3253 409 3322 τοί
430 3259 478 3328 εἰς
498 3242 541 3330 ὦ
561 3254 808 3342 μονοσύλλαβα
828 3249 963 3340 μακρήν
985 3257 1051 3342 ἔχει
1071 3253 1110 3320 τὸ
1128 3241 1153 3321 ἶ
1170 3257 1226 3322 ἐπὶ

111 3358 193 3446 ὅλης
219 3358 281 3444 τής
308 3357 460 3436 κλίσεως,
489 3355 540 3424 (1ιὸ
568 3355 592 3442 ή
619 3357 715 3448 λιβός
738 3356 854 3446 γενική
881 3353 1069 3442 σημειώδης
1096 3353 1148 3422 ὅτι
1169 3378 1227 3423 oo·

111 3463 298 3530 στέλλεται.
342 3460 374 3524 id
399 3461 599 3524 certissimum
622 3472 670 3524 est
694 3463 729 3524 de
751 3461 872 3525 uomiue
894 3459 979 3523 venti
1001 3458 1121 3544 Libyci,
1150 3460 1227 3544 quod

113 3577 162 3630 est
188 3565 311 3650 generis
341 3564 520 3639 masculini3
551 3564 702 3639 feminini,
733 3565 809 3646 quod
839 3561 890 3624 ille
913 3560 1012 3634 affert,
1044 3579 1110 3622 eum
1132 3560 1227 3624 verho

112 3668 219 3744 λείπω
243 3667 363 3751 cognati
385 3666 632 3731 inchoamentum
654 3663 768 3730 nulium
791 3664 954 3748 reperitur,
978 3681 1035 3724 nec
1056 3659 1151 3745 magis
1173 3662 1226 3726 ho·

112 3769 264 3856 anonymi,
294 3771 369 3853 quod
393 3769 566 3854 Hesychius
596 3787 613 3833 e
642 3767 766 3830 latebris
789 3765 948 3830 vetustatis
970 3763 1121 3847 protraxit
1147 3763 1227 3851 Λίψ

112 3872 303 3960 ἐπιθυμία,
336 3873 421 3957 cujus
451 3871 500 3954 qui
529 3872 627 3936 flexus
655 3869 748 3933 fuerit
770 3889 811 3931 ex
832 3867 926 3930 latino
951 3865 1030 3928 dibeo
1053 3865 1154 3951 coiiigi
1175 3885 1229 3950 po·
1283 3865 1284 3877 ’

113 3987 187 4041 test.
235 3974 293 4038 Sed
315 3975 392 4058 quod
404 3973 484 4036 addit
500 3973 666 4060 Hesychius
689 3970 745 4038 καί
765 3969 872 4056 πέτρα
894 3962 953 4055 αἶψ’
973 3960 1014 4053 ής
1034 3963 1124 4055 ὕδωρ
1144 3966 1228 4035 στοί-

111 4081 171 4160 ζει,
194 4097 213 4142 0
234 4077 330 4140 verbo
350 4075 452 4162 λείβει
477 4075 610 4152 ductum,
644 4077 722 4139 uude
747 4071 840 4135 latina
861 4071 945 4156 liquo
967 4081 999 4133 et
1021 4071 1071 4134 lia·
1092 4070 1227 4156 (germa-

111 4183 216 4246 nicum
246 4177 375 4263 Lange)
404 4176 523 4263 saepius
552 4175 665 4264 legitur
695 4197 758 4243 nou
786 4173 824 4238 de
851 4172 919 4238 loeo
948 4173 1065 4258 quidem
1093 4175 1147 4240 sed
1171 4193 1229 4258 pro

143 4281 259 4338 maaet.
279 4281 404 4349 Parala'p.
473 4354 477 4362 ἱ
997 4273 1019 4338 8
