<?xml version="1.0" encoding="UTF-8"?>
<!DOCTYPE html PUBLIC "-//W3C//DTD XHTML 1.0 Transitional//EN"
    "http://www.w3.org/TR/xhtml1/DTD/xhtml1-transitional.dtd">
<html xmlns="http://www.w3.org/1999/xhtml" xml:lang="en" lang="en">
 <head>
  <title>
</title>
<meta http-equiv="Content-Type" content="text/html;charset=utf-8" />
  <meta name='ocr-system' content='tesseract 3.04.00' />
  <meta name='ocr-capabilities' content='ocr_page ocr_carea ocr_par ocr_line ocrx_word'/>
</head>
<body>
  <div class='ocr_page' id='page_1' title='image "./paralipomenagra00dindgoog_0099.png"; bbox 0 0 2940 4894; ppageno 0'>
   <div class='ocr_carea' id='block_1_1' title="bbox 247 299 998 416">
    <p class='ocr_par' dir='ltr' id='par_1_1' title="bbox 247 299 998 416">
     <span class='ocr_line' id='line_1_1' title="bbox 247 299 998 416; baseline -0.016 -36"><span class='ocrx_word' id='word_1_1' title='bbox 247 309 296 380; x_wconf 83' lang='lat' dir='ltr'><strong>ab</strong></span> <span class='ocrx_word' id='word_1_2' title='bbox 601 299 924 416; x_wconf 73' lang='lat' dir='ltr'><strong>ntssnatarto</strong></span> <span class='ocrx_word' id='word_1_3' title='bbox 952 301 998 370; x_wconf 92' lang='lat' dir='ltr'><strong>ll.</strong></span> 
     </span>
    </p>
   </div>
   <div class='ocr_carea' id='block_1_2' title="bbox 218 475 1368 1700">
    <p class='ocr_par' dir='ltr' id='par_1_2' title="bbox 218 475 1368 1700">
     <span class='ocr_line' id='line_1_2' title="bbox 248 475 1360 570; baseline -0.004 -13"><span class='ocrx_word' id='word_1_4' title='bbox 248 507 282 558; x_wconf 81' lang='lat' dir='ltr'><strong>r.</strong></span> <span class='ocrx_word' id='word_1_5' title='bbox 296 488 399 554; x_wconf 84' lang='lat' dir='ltr'><strong>Reisk.</strong></span> <span class='ocrx_word' id='word_1_6' title='bbox 415 487 453 552; x_wconf 89' lang='lat' dir='ltr'><strong>ad</strong></span> <span class='ocrx_word' id='word_1_7' title='bbox 468 485 627 552; x_wconf 74' lang='lat' dir='ltr'><strong>Constant.</strong></span> <span class='ocrx_word' id='word_1_8' title='bbox 646 507 676 570; x_wconf 94' lang='lat' dir='ltr'><strong>p.</strong></span> <span class='ocrx_word' id='word_1_9' title='bbox 690 482 766 551; x_wconf 77' lang='lat' dir='ltr'><strong>aad.</strong></span> <span class='ocrx_word' id='word_1_10' title='bbox 789 481 965 549; x_wconf 77' lang='lat' dir='ltr'>Schneider.</span> <span class='ocrx_word' id='word_1_11' title='bbox 982 484 1019 548; x_wconf 91' lang='lat' dir='ltr'><strong>ad</strong></span> <span class='ocrx_word' id='word_1_12' title='bbox 1033 481 1154 548; x_wconf 84' lang='lat' dir='ltr'><strong>Vitruv.</strong></span> <span class='ocrx_word' id='word_1_13' title='bbox 1171 482 1208 548; x_wconf 88' lang='grc' dir='ltr'><strong>Τ.</strong></span> <span class='ocrx_word' id='word_1_14' title='bbox 1222 483 1261 550; x_wconf 92' lang='lat' dir='ltr'><strong>ll.</strong></span> <span class='ocrx_word' id='word_1_15' title='bbox 1278 475 1360 552; x_wconf 77' lang='lat'><strong>477.</strong></span> 
     </span>
     <span class='ocr_line' id='line_1_3' title="bbox 251 578 1363 678; baseline -0.013 -16"><span class='ocrx_word' id='word_1_16' title='bbox 251 589 400 664; x_wconf 71' lang='lat' dir='ltr'><strong>deindo-c</strong></span> <span class='ocrx_word' id='word_1_17' title='bbox 427 584 619 676; x_wconf 79' lang='grc' dir='ltr'><strong><em>οἷμπὲλους,</em></strong></span> <span class='ocrx_word' id='word_1_18' title='bbox 649 578 874 660; x_wconf 75' lang='grc' dir='ltr'><strong><em>οἷκλοιδεύτους</em></strong></span> <span class='ocrx_word' id='word_1_19' title='bbox 900 587 1035 660; x_wconf 76' lang='grc' dir='ltr'><strong><em>Αἰολεῖς</em></strong></span> <span class='ocrx_word' id='word_1_20' title='bbox 1063 585 1214 676; x_wconf 81' lang='lat' dir='ltr'><strong>Hesych.¹</strong></span> <span class='ocrx_word' id='word_1_21' title='bbox 1234 583 1363 678; x_wconf 69' lang='grc' dir='ltr'><strong><em>ἐμβάς,</em></strong></span> 
     </span>
     <span class='ocr_line' id='line_1_4' title="bbox 249 682 1364 782; baseline -0.003 -21"><span class='ocrx_word' id='word_1_22' title='bbox 249 687 404 782; x_wconf 74' lang='grc' dir='ltr'><strong><em>λπεμβοῖς</em></strong></span> <span class='ocrx_word' id='word_1_23' title='bbox 416 690 472 779; x_wconf 81' lang='lat'><strong>²⁵),</strong></span> <span class='ocrx_word' id='word_1_24' title='bbox 495 687 633 782; x_wconf 78' lang='grc' dir='ltr'><strong><em>ὀκριβοές</em></strong></span> <span class='ocrx_word' id='word_1_25' title='bbox 652 694 737 757; x_wconf 77' lang='grc' dir='ltr'><strong><em>ἔνιοι</em></strong></span> <span class='ocrx_word' id='word_1_26' title='bbox 754 685 816 756; x_wconf 81' lang='grc' dir='ltr'><strong>τὸν</strong></span> <span class='ocrx_word' id='word_1_27' title='bbox 833 682 953 776; x_wconf 72' lang='grc' dir='ltr'><strong><em>ἄγριον</em></strong></span> <span class='ocrx_word' id='word_1_28' title='bbox 970 685 1064 776; x_wconf 86' lang='grc' dir='ltr'><strong><em>κριόν</em></strong></span> <span class='ocrx_word' id='word_1_29' title='bbox 1083 688 1213 774; x_wconf 89' lang='lat' dir='ltr'><strong>Hesycb.</strong></span> <span class='ocrx_word' id='word_1_30' title='bbox 1238 685 1364 782; x_wconf 74' lang='grc' dir='ltr'><strong><em>ὀροβά-</em></strong></span> 
     </span>
     <span class='ocr_line' id='line_1_5' title="bbox 218 790 1362 883; baseline -0.01 -15"><span class='ocrx_word' id='word_1_31' title='bbox 218 830 221 870; x_wconf 82' lang='grc'>;</span> <span class='ocrx_word' id='word_1_32' title='bbox 250 798 319 866; x_wconf 81' lang='grc' dir='ltr'><strong><em>διον</em></strong></span> <span class='ocrx_word' id='word_1_33' title='bbox 340 793 473 883; x_wconf 77' lang='grc' dir='ltr'><em>νεβρῶν</em></span> <span class='ocrx_word' id='word_1_34' title='bbox 493 793 535 856; x_wconf 83' lang='grc'><strong>16.</strong></span> <span class='ocrx_word' id='word_1_35' title='bbox 558 795 594 858; x_wconf 91' lang='lat' dir='ltr'><strong>de</strong></span> <span class='ocrx_word' id='word_1_36' title='bbox 615 815 671 877; x_wconf 92' lang='lat' dir='ltr'><strong>qao</strong></span> <span class='ocrx_word' id='word_1_37' title='bbox 692 811 804 877; x_wconf 82' lang='lat' dir='ltr'><strong>genere</strong></span> <span class='ocrx_word' id='word_1_38' title='bbox 826 791 968 854; x_wconf 80' lang='lat' dir='ltr'><strong>adnotavi</strong></span> <span class='ocrx_word' id='word_1_39' title='bbox 990 793 1026 854; x_wconf 88' lang='lat' dir='ltr'><strong>ad</strong></span> <span class='ocrx_word' id='word_1_40' title='bbox 1044 791 1159 877; x_wconf 83' lang='lat' dir='ltr'><strong>Phryn.</strong></span> <span class='ocrx_word' id='word_1_41' title='bbox 1178 813 1208 874; x_wconf 92' lang='lat' dir='ltr'><strong>p.</strong></span> <span class='ocrx_word' id='word_1_42' title='bbox 1225 790 1300 858; x_wconf 88' lang='grc'><strong>610.</strong></span> <span class='ocrx_word' id='word_1_43' title='bbox 1313 795 1362 878; x_wconf 86' lang='lat'><strong>¹⁶)</strong></span> 
     </span>
     <span class='ocr_line' id='line_1_6' title="bbox 250 892 1364 983; baseline -0.004 -19"><span class='ocrx_word' id='word_1_44' title='bbox 250 900 366 983; x_wconf 89' lang='lat' dir='ltr'><strong>aliaque</strong></span> <span class='ocrx_word' id='word_1_45' title='bbox 392 898 425 961; x_wconf 92' lang='lat' dir='ltr'><strong>in</strong></span> <span class='ocrx_word' id='word_1_46' title='bbox 447 896 577 960; x_wconf 87' lang='lat' dir='ltr'><strong>Dissert.</strong></span> <span class='ocrx_word' id='word_1_47' title='bbox 601 894 653 958; x_wconf 97' lang='lat' dir='ltr'><strong>lll.</strong></span> <span class='ocrx_word' id='word_1_48' title='bbox 679 894 715 958; x_wconf 89' lang='lat' dir='ltr'><strong>C.</strong></span> <span class='ocrx_word' id='word_1_49' title='bbox 739 894 791 957; x_wconf 92' lang='lat' dir='ltr'><strong>lll.</strong></span> <span class='ocrx_word' id='word_1_50' title='bbox 820 894 848 976; x_wconf 78' lang='lat'><strong>§.</strong></span> <span class='ocrx_word' id='word_1_51' title='bbox 874 892 905 956; x_wconf 92' lang='lat'><strong>1.</strong></span> <span class='ocrx_word' id='word_1_52' title='bbox 935 893 1044 969; x_wconf 84' lang='lat' dir='ltr'><strong>allata,</strong></span> <span class='ocrx_word' id='word_1_53' title='bbox 1076 913 1201 977; x_wconf 87' lang='lat' dir='ltr'><strong>quorum</strong></span> <span class='ocrx_word' id='word_1_54' title='bbox 1227 896 1364 960; x_wconf 91' lang='lat' dir='ltr'><strong>omnium</strong></span> 
     </span>
     <span class='ocr_line' id='line_1_7' title="bbox 251 987 1363 1085; baseline -0.004 -19"><span class='ocrx_word' id='word_1_55' title='bbox 251 1000 396 1085; x_wconf 87' lang='lat' dir='ltr'><strong>simplicia</strong></span> <span class='ocrx_word' id='word_1_56' title='bbox 421 1017 482 1060; x_wconf 90' lang='lat' dir='ltr'><strong>nou</strong></span> <span class='ocrx_word' id='word_1_57' title='bbox 506 1007 623 1060; x_wconf 89' lang='lat' dir='ltr'><strong>extant.</strong></span> <span class='ocrx_word' id='word_1_58' title='bbox 670 997 805 1080; x_wconf 77' lang='lat' dir='ltr'>Simplex</span> <span class='ocrx_word' id='word_1_59' title='bbox 831 987 893 1069; x_wconf 81' lang='grc' dir='ltr'><strong>κοῖς</strong></span> <span class='ocrx_word' id='word_1_60' title='bbox 922 994 1030 1081; x_wconf 74' lang='grc' dir='ltr'><strong><em>δέρμα</em></strong></span> <span class='ocrx_word' id='word_1_61' title='bbox 1057 995 1188 1081; x_wconf 90' lang='lat' dir='ltr'><strong>Hesych.</strong></span> <span class='ocrx_word' id='word_1_62' title='bbox 1207 1001 1252 1080; x_wconf 83' lang='lat'><strong>¹⁷)</strong></span> <span class='ocrx_word' id='word_1_63' title='bbox 1281 997 1363 1062; x_wconf 89' lang='lat' dir='ltr'><strong>haud</strong></span> 
     </span>
     <span class='ocr_line' id='line_1_8' title="bbox 252 1093 1367 1185; baseline -0.004 -16"><span class='ocrx_word' id='word_1_64' title='bbox 252 1104 338 1168; x_wconf 90' lang='lat' dir='ltr'><strong>dubie</strong></span> <span class='ocrx_word' id='word_1_65' title='bbox 366 1123 384 1166; x_wconf 86' lang='lat' dir='ltr'><strong>a</strong></span> <span class='ocrx_word' id='word_1_66' title='bbox 408 1101 501 1176; x_wconf 86' lang='lat' dir='ltr'><strong>verbo</strong></span> <span class='ocrx_word' id='word_1_67' title='bbox 527 1098 793 1185; x_wconf 85' lang='lat' dir='ltr'><strong>brechyparaleoto</strong></span> <span class='ocrx_word' id='word_1_68' title='bbox 820 1093 909 1164; x_wconf 76' lang='grc' dir='ltr'><strong><em>σκιλοι</em></strong></span> <span class='ocrx_word' id='word_1_69' title='bbox 941 1099 1060 1162; x_wconf 88' lang='lat' dir='ltr'><strong>ductum</strong></span> <span class='ocrx_word' id='word_1_70' title='bbox 1088 1108 1153 1179; x_wconf 85' lang='lat' dir='ltr'><strong>ast,</strong></span> <span class='ocrx_word' id='word_1_71' title='bbox 1189 1098 1237 1162; x_wconf 92' lang='lat' dir='ltr'><strong>cui</strong></span> <span class='ocrx_word' id='word_1_72' title='bbox 1263 1101 1367 1164; x_wconf 87' lang='lat' dir='ltr'><strong>affinia</strong></span> 
     </span>
     <span class='ocr_line' id='line_1_9' title="bbox 251 1190 1366 1287; baseline -0.004 -14"><span class='ocrx_word' id='word_1_73' title='bbox 251 1217 324 1273; x_wconf 85' lang='lat' dir='ltr'><strong>snut</strong></span> <span class='ocrx_word' id='word_1_74' title='bbox 345 1199 460 1282; x_wconf 79' lang='grc' dir='ltr'><strong><em>οποέοι,</em></strong></span> <span class='ocrx_word' id='word_1_75' title='bbox 485 1190 633 1278; x_wconf 76' lang='grc' dir='ltr'><strong><em>οκτλλλω,</em></strong></span> <span class='ocrx_word' id='word_1_76' title='bbox 660 1200 785 1267; x_wconf 80' lang='grc' dir='ltr'><strong><em>σκῦλον</em></strong></span> <span class='ocrx_word' id='word_1_77' title='bbox 806 1202 954 1287; x_wconf 82' lang='lat' dir='ltr'><strong>spolium,</strong></span> <span class='ocrx_word' id='word_1_78' title='bbox 987 1193 1110 1266; x_wconf 79' lang='grc' dir='ltr'><strong><em>σπόλια</em></strong></span> <span class='ocrx_word' id='word_1_79' title='bbox 1129 1198 1174 1266; x_wconf 78' lang='grc' dir='ltr'><strong>τοὶ</strong></span> <span class='ocrx_word' id='word_1_80' title='bbox 1195 1204 1366 1286; x_wconf 81' lang='grc' dir='ltr'><strong><em>παρατιλ-</em></strong></span> 
     </span>
     <span class='ocr_line' id='line_1_10' title="bbox 250 1294 1368 1395; baseline 0.002 -23"><span class='ocrx_word' id='word_1_81' title='bbox 250 1303 482 1395; x_wconf 73' lang='grc' dir='ltr'><strong><em>λόμενοιὲριο</em></strong></span> <span class='ocrx_word' id='word_1_82' title='bbox 509 1303 643 1390; x_wconf 84' lang='lat' dir='ltr'><strong>Hesych.</strong></span> <span class='ocrx_word' id='word_1_83' title='bbox 674 1295 803 1378; x_wconf 74' lang='grc' dir='ltr'><strong><em>σπιλτος</em></strong></span> <span class='ocrx_word' id='word_1_84' title='bbox 830 1303 955 1387; x_wconf 58' lang='grc' dir='ltr'><strong>θέρμοις</strong></span> <span class='ocrx_word' id='word_1_85' title='bbox 986 1294 1368 1376; x_wconf 58' lang='grc' dir='ltr'><strong><em>σκύτο911.·καόκοινα</em></strong></span> 
     </span>
     <span class='ocr_line' id='line_1_11' title="bbox 251 1397 1367 1495; baseline -0.004 -16"><span class='ocrx_word' id='word_1_86' title='bbox 251 1407 456 1495; x_wconf 77' lang='grc' dir='ltr'><strong><em>κοσούιιοιτα</em></strong></span> <span class='ocrx_word' id='word_1_87' title='bbox 478 1405 520 1469; x_wconf 83' lang='grc'><strong>16.</strong></span> <span class='ocrx_word' id='word_1_88' title='bbox 554 1402 700 1490; x_wconf 86' lang='grc' dir='ltr'><strong><em>οποιτίλη</em></strong></span> <span class='ocrx_word' id='word_1_89' title='bbox 723 1416 754 1468; x_wconf 92' lang='lat' dir='ltr'><strong>et</strong></span> <span class='ocrx_word' id='word_1_90' title='bbox 776 1403 923 1491; x_wconf 81' lang='grc' dir='ltr'><strong><em>ποιοτίλη</em></strong></span> <span class='ocrx_word' id='word_1_91' title='bbox 951 1399 1075 1492; x_wconf 78' lang='grc' dir='ltr'><strong><em>κόπρος</em></strong></span> <span class='ocrx_word' id='word_1_92' title='bbox 1102 1405 1159 1472; x_wconf 76' lang='grc' dir='ltr'><strong>καὶ</strong></span> <span class='ocrx_word' id='word_1_93' title='bbox 1179 1397 1367 1494; x_wconf 63' lang='lat' dir='ltr'><strong>deinceps</strong></span> 
     </span>
     <span class='ocr_line' id='line_1_12' title="bbox 252 1505 1367 1598; baseline -0.006 -17"><span class='ocrx_word' id='word_1_94' title='bbox 252 1513 322 1581; x_wconf 80' lang='grc' dir='ltr'><strong>τῶν</strong></span> <span class='ocrx_word' id='word_1_95' title='bbox 351 1507 528 1598; x_wconf 73' lang='grc' dir='ltr'><strong>δερμάτων</strong></span> <span class='ocrx_word' id='word_1_96' title='bbox 558 1505 640 1570; x_wconf 91' lang='lat' dir='ltr'><strong>Suid.</strong></span> <span class='ocrx_word' id='word_1_97' title='bbox 668 1506 767 1571; x_wconf 87' lang='lat' dir='ltr'><strong>Sahal.</strong></span> <span class='ocrx_word' id='word_1_98' title='bbox 792 1506 869 1571; x_wconf 89' lang='lat' dir='ltr'><strong>Vcn.</strong></span> <span class='ocrx_word' id='word_1_99' title='bbox 900 1507 937 1571; x_wconf 89' lang='lat' dir='ltr'><strong>ad</strong></span> <span class='ocrx_word' id='word_1_100' title='bbox 964 1507 1059 1572; x_wconf 86' lang='lat' dir='ltr'><strong>Arist.</strong></span> <span class='ocrx_word' id='word_1_101' title='bbox 1090 1508 1160 1572; x_wconf 87' lang='lat' dir='ltr'><strong>Pac.</strong></span> <span class='ocrx_word' id='word_1_102' title='bbox 1190 1508 1245 1574; x_wconf 79' lang='lat'><strong>42.</strong></span> <span class='ocrx_word' id='word_1_103' title='bbox 1276 1508 1367 1596; x_wconf 87' lang='grc'><strong>(48.)</strong></span> 
     </span>
     <span class='ocr_line' id='line_1_13' title="bbox 253 1604 1367 1700; baseline -0.004 -20"><span class='ocrx_word' id='word_1_104' title='bbox 253 1616 409 1700; x_wconf 81' lang='lat' dir='ltr'><strong>ipsumque</strong></span> <span class='ocrx_word' id='word_1_105' title='bbox 433 1610 538 1696; x_wconf 78' lang='grc' dir='ltr'><strong><em>σκῶρ,</em></strong></span> <span class='ocrx_word' id='word_1_106' title='bbox 568 1611 654 1693; x_wconf 91' lang='lat' dir='ltr'><strong>cujus</strong></span> <span class='ocrx_word' id='word_1_107' title='bbox 676 1609 787 1693; x_wconf 82' lang='lat' dir='ltr'><strong>obliqui</strong></span> <span class='ocrx_word' id='word_1_108' title='bbox 814 1608 877 1674; x_wconf 76' lang='grc' dir='ltr'><strong>τοῦ</strong></span> <span class='ocrx_word' id='word_1_109' title='bbox 899 1604 1019 1683; x_wconf 80' lang='grc' dir='ltr'><strong><em>οκατός</em></strong></span> <span class='ocrx_word' id='word_1_110' title='bbox 1047 1621 1078 1675; x_wconf 90' lang='lat' dir='ltr'><strong>et</strong></span> <span class='ocrx_word' id='word_1_111' title='bbox 1104 1610 1149 1698; x_wconf 79' lang='grc' dir='ltr'><strong>τῷ</strong></span> <span class='ocrx_word' id='word_1_112' title='bbox 1177 1609 1276 1677; x_wconf 89' lang='grc' dir='ltr'><strong><em>οκατί</em></strong></span> <span class='ocrx_word' id='word_1_113' title='bbox 1302 1613 1367 1676; x_wconf 85' lang='lat' dir='ltr'><strong>orti</strong></span> 
     </span>
    </p>
   </div>
   <div class='ocr_carea' id='block_1_3' title="bbox 134 1705 1368 1801">
    <p class='ocr_par' dir='ltr' id='par_1_3' title="bbox 134 1705 1368 1801">
     <span class='ocr_line' id='line_1_14' title="bbox 134 1705 1368 1801; baseline -0.003 -19"><span class='ocrx_word' id='word_1_114' title='bbox 134 1763 139 1772; x_wconf 82' lang='lat'><em>·</em></span> <span class='ocrx_word' id='word_1_115' title='bbox 219 1795 222 1801; x_wconf 19' lang='grc' dir='ltr'>Ι</span> <span class='ocrx_word' id='word_1_116' title='bbox 255 1728 326 1783; x_wconf 89' lang='lat' dir='ltr'><strong>suut</strong></span> <span class='ocrx_word' id='word_1_117' title='bbox 349 1717 384 1779; x_wconf 88' lang='lat' dir='ltr'><strong>ab</strong></span> <span class='ocrx_word' id='word_1_118' title='bbox 407 1713 541 1776; x_wconf 89' lang='lat' dir='ltr'><strong>obsoleto</strong></span> <span class='ocrx_word' id='word_1_119' title='bbox 564 1706 660 1794; x_wconf 74' lang='grc' dir='ltr'><strong><em>οκιλς,</em></strong></span> <span class='ocrx_word' id='word_1_120' title='bbox 683 1712 762 1775; x_wconf 88' lang='lat' dir='ltr'><strong>uude</strong></span> <span class='ocrx_word' id='word_1_121' title='bbox 784 1705 998 1799; x_wconf 71' lang='grc' dir='ltr'><strong><em>σκατοφάγος</em></strong></span> <span class='ocrx_word' id='word_1_122' title='bbox 1019 1723 1051 1776; x_wconf 88' lang='lat' dir='ltr'><strong>et</strong></span> <span class='ocrx_word' id='word_1_123' title='bbox 1070 1705 1312 1780; x_wconf 80' lang='grc' dir='ltr'><strong><em>νεοσποὲτοτον</em></strong></span> <span class='ocrx_word' id='word_1_124' title='bbox 1333 1715 1368 1779; x_wconf 92' lang='lat' dir='ltr'><strong>id</strong></span> 
     </span>
    </p>
   </div>
   <div class='ocr_carea' id='block_1_4' title="bbox 208 1809 1365 1902">
    <p class='ocr_par' dir='ltr' id='par_1_4' title="bbox 208 1809 1365 1902">
     <span class='ocr_line' id='line_1_15' title="bbox 208 1809 1365 1902; baseline -0.003 -18"><span class='ocrx_word' id='word_1_125' title='bbox 208 1861 217 1875; x_wconf 89' lang='lat'><strong>·</strong></span> <span class='ocrx_word' id='word_1_126' title='bbox 234 1891 237 1899; x_wconf 14' lang='lat' dir='ltr'><strong>p</strong></span> <span class='ocrx_word' id='word_1_127' title='bbox 255 1830 302 1886; x_wconf 90' lang='lat' dir='ltr'><strong>est</strong></span> <span class='ocrx_word' id='word_1_128' title='bbox 322 1809 550 1902; x_wconf 75' lang='grc' dir='ltr'><strong>νεοκάττυτον</strong></span> <span class='ocrx_word' id='word_1_129' title='bbox 571 1813 683 1877; x_wconf 86' lang='lat' dir='ltr'><strong>Athen.</strong></span> <span class='ocrx_word' id='word_1_130' title='bbox 703 1812 788 1876; x_wconf 88' lang='lat' dir='ltr'><strong>XIV.</strong></span> <span class='ocrx_word' id='word_1_131' title='bbox 808 1811 883 1878; x_wconf 79' lang='lat'><strong>622.</strong></span> <span class='ocrx_word' id='word_1_132' title='bbox 899 1814 938 1876; x_wconf 91' lang='lat' dir='ltr'><strong>A.</strong></span> <span class='ocrx_word' id='word_1_133' title='bbox 962 1814 1048 1878; x_wconf 91' lang='lat' dir='ltr'><strong>brevi</strong></span> <span class='ocrx_word' id='word_1_134' title='bbox 1069 1825 1228 1899; x_wconf 88' lang='lat' dir='ltr'><strong>utrumqne</strong></span> <span class='ocrx_word' id='word_1_135' title='bbox 1249 1816 1365 1894; x_wconf 83' lang='lat' dir='ltr'><strong>vocali,</strong></span> 
     </span>
    </p>
   </div>
   <div class='ocr_carea' id='block_1_5' title="bbox 254 1915 1463 2006">
    <p class='ocr_par' dir='ltr' id='par_1_5' title="bbox 254 1915 1463 2006">
     <span class='ocr_line' id='line_1_16' title="bbox 254 1915 1463 2006; baseline -0.002 -20"><span class='ocrx_word' id='word_1_136' title='bbox 254 1931 290 1986; x_wconf 90' lang='lat' dir='ltr'><strong>ut</strong></span> <span class='ocrx_word' id='word_1_137' title='bbox 308 1931 340 1984; x_wconf 86' lang='lat' dir='ltr'><strong>et</strong></span> <span class='ocrx_word' id='word_1_138' title='bbox 358 1923 483 2006; x_wconf 77' lang='grc' dir='ltr'><strong><em>ἔγκατα</em></strong></span> <span class='ocrx_word' id='word_1_139' title='bbox 503 1917 650 1996; x_wconf 86' lang='lat' dir='ltr'><strong>(laconice</strong></span> <span class='ocrx_word' id='word_1_140' title='bbox 668 1917 810 2003; x_wconf 73' lang='lat' dir='ltr'><strong>dyonea).</strong></span> <span class='ocrx_word' id='word_1_141' title='bbox 826 1915 944 1978; x_wconf 86' lang='lat' dir='ltr'><strong>viscera</strong></span> <span class='ocrx_word' id='word_1_142' title='bbox 964 1916 1025 1979; x_wconf 89' lang='lat' dir='ltr'><strong>cuti</strong></span> <span class='ocrx_word' id='word_1_143' title='bbox 1043 1918 1187 2002; x_wconf 87' lang='lat' dir='ltr'><strong>subjecta,</strong></span> <span class='ocrx_word' id='word_1_144' title='bbox 1210 1920 1365 1983; x_wconf 81' lang='lat' dir='ltr'><strong>intercus.</strong></span> <span class='ocrx_word' id='word_1_145' title='bbox 1462 1940 1463 1948; x_wconf 54' lang='lat'>¹</span> 
     </span>
    </p>
   </div>
   <div class='ocr_carea' id='block_1_6' title="bbox 174 2018 1420 2620">
    <p class='ocr_par' dir='ltr' id='par_1_6' title="bbox 174 2018 1420 2620">
     <span class='ocr_line' id='line_1_17' title="bbox 255 2018 1368 2104; baseline -0.001 -17"><span class='ocrx_word' id='word_1_146' title='bbox 255 2023 411 2088; x_wconf 88' lang='lat' dir='ltr'><strong>Postremo</strong></span> <span class='ocrx_word' id='word_1_147' title='bbox 439 2018 490 2103; x_wconf 88' lang='lat' dir='ltr'><strong>qni</strong></span> <span class='ocrx_word' id='word_1_148' title='bbox 511 2019 597 2082; x_wconf 84' lang='lat' dir='ltr'><strong>latini</strong></span> <span class='ocrx_word' id='word_1_149' title='bbox 619 2019 749 2082; x_wconf 88' lang='lat' dir='ltr'><strong>nominis</strong></span> <span class='ocrx_word' id='word_1_150' title='bbox 772 2028 920 2082; x_wconf 81' lang='lat' dir='ltr'><strong>scortum·</strong></span> <span class='ocrx_word' id='word_1_151' title='bbox 934 2018 1120 2082; x_wconf 89' lang='lat' dir='ltr'><strong>intellectum</strong></span> <span class='ocrx_word' id='word_1_152' title='bbox 1145 2019 1290 2104; x_wconf 80' lang='lat' dir='ltr'><strong>duplicem</strong></span> <span class='ocrx_word' id='word_1_153' title='bbox 1314 2043 1368 2086; x_wconf 91' lang='lat' dir='ltr'><strong>re-</strong></span> 
     </span>
     <span class='ocr_line' id='line_1_18' title="bbox 255 2104 1369 2210; baseline 0 -22"><span class='ocrx_word' id='word_1_154' title='bbox 255 2124 425 2210; x_wconf 85' lang='lat' dir='ltr'><strong>putaverit,</strong></span> <span class='ocrx_word' id='word_1_155' title='bbox 459 2143 521 2185; x_wconf 90' lang='lat' dir='ltr'><strong>uon</strong></span> <span class='ocrx_word' id='word_1_156' title='bbox 548 2104 692 2185; x_wconf 84' lang='lat' dir='ltr'><strong>dubitabit</strong></span> <span class='ocrx_word' id='word_1_157' title='bbox 719 2120 849 2184; x_wconf 84' lang='lat' dir='ltr'><strong>indidem</strong></span> <span class='ocrx_word' id='word_1_158' title='bbox 876 2131 1017 2207; x_wconf 89' lang='lat' dir='ltr'><strong>repetere</strong></span> <span class='ocrx_word' id='word_1_159' title='bbox 1045 2141 1154 2206; x_wconf 85' lang='lat' dir='ltr'><strong>graeca</strong></span> <span class='ocrx_word' id='word_1_160' title='bbox 1180 2115 1305 2198; x_wconf 78' lang='grc' dir='ltr'><strong><em>κάσοος</em></strong></span> <span class='ocrx_word' id='word_1_161' title='bbox 1332 2134 1369 2190; x_wconf 88' lang='lat' dir='ltr'><strong>et</strong></span> 
     </span>
     <span class='ocr_line' id='line_1_19' title="bbox 174 2214 1369 2313; baseline 0.013 -35"><span class='ocrx_word' id='word_1_162' title='bbox 174 2275 175 2278; x_wconf 74' lang='grc'>,</span> <span class='ocrx_word' id='word_1_163' title='bbox 255 2220 357 2293; x_wconf 64' lang='grc' dir='ltr'><strong>κόσοι.</strong></span> <span class='ocrx_word' id='word_1_164' title='bbox 398 2223 544 2290; x_wconf 86' lang='lat' dir='ltr'><strong>Arcadius</strong></span> <span class='ocrx_word' id='word_1_165' title='bbox 565 2247 594 2308; x_wconf 87' lang='lat' dir='ltr'><strong>p.</strong></span> <span class='ocrx_word' id='word_1_166' title='bbox 620 2221 680 2300; x_wconf 88' lang='grc'><strong>76,</strong></span> <span class='ocrx_word' id='word_1_167' title='bbox 704 2221 757 2286; x_wconf 93' lang='grc'><strong>16.</strong></span> <span class='ocrx_word' id='word_1_168' title='bbox 787 2214 913 2295; x_wconf 74' lang='lat' dir='ltr'><strong>colonae</strong></span> <span class='ocrx_word' id='word_1_169' title='bbox 933 2216 1005 2289; x_wconf 84' lang='grc' dir='ltr'><strong>οἷπὸ</strong></span> <span class='ocrx_word' id='word_1_170' title='bbox 1025 2224 1088 2289; x_wconf 78' lang='grc' dir='ltr'><strong>του</strong></span> <span class='ocrx_word' id='word_1_171' title='bbox 1109 2220 1212 2299; x_wconf 79' lang='grc' dir='ltr'><strong><em>κολσος</em></strong></span> <span class='ocrx_word' id='word_1_172' title='bbox 1233 2223 1369 2313; x_wconf 72' lang='grc' dir='ltr'><strong><em>γίνεται</em></strong></span> 
     </span>
     <span class='ocr_line' id='line_1_20' title="bbox 255 2312 1368 2412; baseline -0.003 -18"><span class='ocrx_word' id='word_1_173' title='bbox 255 2323 343 2394; x_wconf 79' lang='lat' dir='ltr'><strong>acaci</strong></span> <span class='ocrx_word' id='word_1_174' title='bbox 364 2323 582 2412; x_wconf 78' lang='grc' dir='ltr'><strong><em>πλεονασμὸν</em></strong></span> <span class='ocrx_word' id='word_1_175' title='bbox 603 2312 718 2392; x_wconf 58' lang='grc' dir='ltr'><strong><em>τοῦτ’.</em></strong></span> <span class='ocrx_word' id='word_1_176' title='bbox 750 2320 849 2394; x_wconf 83' lang='grc' dir='ltr'><strong><em>Ἐστι</em></strong></span> <span class='ocrx_word' id='word_1_177' title='bbox 869 2323 905 2390; x_wconf 77' lang='lat' dir='ltr'><strong>db</strong></span> <span class='ocrx_word' id='word_1_178' title='bbox 927 2324 1018 2400; x_wconf 75' lang='grc' dir='ltr'><strong><em>εἶδος</em></strong></span> <span class='ocrx_word' id='word_1_179' title='bbox 1036 2324 1192 2412; x_wconf 81' lang='grc' dir='ltr'><strong><em>ἱματίου,</em></strong></span> <span class='ocrx_word' id='word_1_180' title='bbox 1221 2330 1296 2412; x_wconf 84' lang='lat' dir='ltr'><strong>quod</strong></span> <span class='ocrx_word' id='word_1_181' title='bbox 1319 2329 1368 2408; x_wconf 70' lang='lat' dir='ltr'><strong>lo-</strong></span> 
     </span>
     <span class='ocr_line' id='line_1_21' title="bbox 255 2425 1420 2515; baseline 0.001 -18"><span class='ocrx_word' id='word_1_182' title='bbox 255 2431 332 2506; x_wconf 89' lang='lat' dir='ltr'><strong>tine,</strong></span> <span class='ocrx_word' id='word_1_183' title='bbox 355 2441 438 2515; x_wconf 89' lang='lat' dir='ltr'><strong>puto,</strong></span> <span class='ocrx_word' id='word_1_184' title='bbox 462 2439 580 2494; x_wconf 83' lang='lat' dir='ltr'><strong>scortea</strong></span> <span class='ocrx_word' id='word_1_185' title='bbox 598 2429 719 2506; x_wconf 87' lang='lat' dir='ltr'><strong>dicitur,</strong></span> <span class='ocrx_word' id='word_1_186' title='bbox 742 2429 816 2494; x_wconf 87' lang='lat' dir='ltr'><strong>alias</strong></span> <span class='ocrx_word' id='word_1_187' title='bbox 839 2425 976 2515; x_wconf 81' lang='grc' dir='ltr'><strong><em>σιόυροι·</em></strong></span> <span class='ocrx_word' id='word_1_188' title='bbox 1006 2429 1162 2513; x_wconf 77' lang='lat' dir='ltr'><strong>prostibuli</strong></span> <span class='ocrx_word' id='word_1_189' title='bbox 1183 2451 1293 2496; x_wconf 89' lang='lat' dir='ltr'><strong>nomen</strong></span> <span class='ocrx_word' id='word_1_190' title='bbox 1315 2443 1368 2498; x_wconf 87' lang='lat' dir='ltr'><strong>est</strong></span> <span class='ocrx_word' id='word_1_191' title='bbox 1416 2456 1420 2462; x_wconf 89' lang='lat'>·</span> 
     </span>
     <span class='ocr_line' id='line_1_22' title="bbox 255 2523 1368 2620; baseline 0.002 -21"><span class='ocrx_word' id='word_1_192' title='bbox 255 2528 361 2616; x_wconf 81' lang='grc' dir='ltr'><strong><em>κοῖοα,</em></strong></span> <span class='ocrx_word' id='word_1_193' title='bbox 383 2525 596 2614; x_wconf 64' lang='lat' dir='ltr'><strong>medebam,</strong></span> <span class='ocrx_word' id='word_1_194' title='bbox 625 2543 657 2596; x_wconf 86' lang='lat' dir='ltr'><strong>et</strong></span> <span class='ocrx_word' id='word_1_195' title='bbox 677 2553 826 2618; x_wconf 75' lang='lat' dir='ltr'><strong>paragoge</strong></span> <span class='ocrx_word' id='word_1_196' title='bbox 846 2527 1009 2620; x_wconf 81' lang='grc' dir='ltr'><strong><em>κοιοωρίς,</em></strong></span> <span class='ocrx_word' id='word_1_197' title='bbox 1034 2523 1205 2618; x_wconf 72' lang='lat' dir='ltr'><strong>neccoloco,</strong></span> <span class='ocrx_word' id='word_1_198' title='bbox 1234 2534 1308 2600; x_wconf 96' lang='lat' dir='ltr'><strong>illud</strong></span> <span class='ocrx_word' id='word_1_199' title='bbox 1329 2547 1368 2600; x_wconf 85' lang='lat' dir='ltr'><strong>ut</strong></span> 
     </span>
    </p>
   </div>
   <div class='ocr_carea' id='block_1_7' title="bbox 173 2801 1426 4249">
    <p class='ocr_par' dir='ltr' id='par_1_7' title="bbox 173 2801 1426 3473">
     <span class='ocr_line' id='line_1_23' title="bbox 327 2801 1368 2878; baseline 0.003 -20"><span class='ocrx_word' id='word_1_200' title='bbox 327 2806 372 2870; x_wconf 81' lang='lat' dir='ltr'><strong>bb)</strong></span> <span class='ocrx_word' id='word_1_201' title='bbox 387 2801 506 2878; x_wconf 74' lang='lat' dir='ltr'><strong>&#39;Emaptcla</strong></span> <span class='ocrx_word' id='word_1_202' title='bbox 520 2805 606 2857; x_wconf 83' lang='lat' dir='ltr'><strong>Sclrol.</strong></span> <span class='ocrx_word' id='word_1_203' title='bbox 618 2805 694 2859; x_wconf 76' lang='lat' dir='ltr'><strong>Pion.</strong></span> <span class='ocrx_word' id='word_1_204' title='bbox 709 2806 739 2858; x_wconf 92' lang='lat' dir='ltr'><strong>P.</strong></span> <span class='ocrx_word' id='word_1_205' title='bbox 753 2804 796 2860; x_wconf 83' lang='lat' dir='ltr'><strong>tv.</strong></span> <span class='ocrx_word' id='word_1_206' title='bbox 811 2807 872 2864; x_wconf 77' lang='lat'><strong>249.</strong></span> <span class='ocrx_word' id='word_1_207' title='bbox 894 2805 1004 2859; x_wconf 79' lang='lat' dir='ltr'><strong>fortasse</strong></span> <span class='ocrx_word' id='word_1_208' title='bbox 1022 2807 1110 2860; x_wconf 79' lang='lat' dir='ltr'><strong>ictam</strong></span> <span class='ocrx_word' id='word_1_209' title='bbox 1128 2808 1160 2860; x_wconf 92' lang='lat' dir='ltr'><strong>ad</strong></span> <span class='ocrx_word' id='word_1_210' title='bbox 1177 2809 1368 2876; x_wconf 81' lang='lat' dir='ltr'><strong>explanandum</strong></span> 
     </span>
     <span class='ocr_line' id='line_1_24' title="bbox 257 2886 1366 2962; baseline 0.004 -18"><span class='ocrx_word' id='word_1_211' title='bbox 257 2908 349 2944; x_wconf 86' lang='lat' dir='ltr'><strong>nomeu</strong></span> <span class='ocrx_word' id='word_1_212' title='bbox 365 2887 479 2961; x_wconf 77' lang='grc' dir='ltr'><strong>ἐπλβδα.</strong></span> <span class='ocrx_word' id='word_1_213' title='bbox 508 2886 817 2962; x_wconf 69' lang='lat' dir='ltr'><strong>Kepcptoio(sic)Etyn1.</strong></span> <span class='ocrx_word' id='word_1_214' title='bbox 836 2891 903 2944; x_wconf 85' lang='lat' dir='ltr'><strong>Gnd.</strong></span> <span class='ocrx_word' id='word_1_215' title='bbox 923 2894 988 2954; x_wconf 83' lang='lat'>315,</span> <span class='ocrx_word' id='word_1_216' title='bbox 1009 2895 1052 2947; x_wconf 85' lang='grc'><strong>11.</strong></span> <span class='ocrx_word' id='word_1_217' title='bbox 1071 2894 1167 2946; x_wconf 82' lang='lat' dir='ltr'><strong>rectius</strong></span> <span class='ocrx_word' id='word_1_218' title='bbox 1185 2897 1211 2946; x_wconf 93' lang='lat' dir='ltr'><strong>in</strong></span> <span class='ocrx_word' id='word_1_219' title='bbox 1229 2895 1292 2947; x_wconf 86' lang='lat' dir='ltr'><strong>Lex.</strong></span> <span class='ocrx_word' id='word_1_220' title='bbox 1306 2895 1366 2948; x_wconf 82' lang='lat' dir='ltr'><strong>MS.</strong></span> 
     </span>
     <span class='ocr_line' id='line_1_25' title="bbox 257 2975 1426 3051; baseline 0.002 -22"><span class='ocrx_word' id='word_1_221' title='bbox 257 2977 370 3030; x_wconf 82' lang='lat' dir='ltr'><strong>Albertii</strong></span> <span class='ocrx_word' id='word_1_222' title='bbox 388 2978 420 3028; x_wconf 90' lang='lat' dir='ltr'><strong>ad</strong></span> <span class='ocrx_word' id='word_1_223' title='bbox 438 2976 547 3046; x_wconf 77' lang='lat' dir='ltr'><strong>Hesycb.</strong></span> <span class='ocrx_word' id='word_1_224' title='bbox 573 2993 595 3027; x_wconf 88' lang='lat' dir='ltr'><strong>s.</strong></span> <span class='ocrx_word' id='word_1_225' title='bbox 613 2981 727 3043; x_wconf 74' lang='lat' dir='ltr'><strong>decw</strong></span> <span class='ocrx_word' id='word_1_226' title='bbox 743 2979 867 3028; x_wconf 78' lang='lat' dir='ltr'><strong>scribitur</strong></span> <span class='ocrx_word' id='word_1_227' title='bbox 886 2975 1045 3048; x_wconf 75' lang='grc' dir='ltr'><strong><em>κιροβοῖτητ.</em></strong></span> <span class='ocrx_word' id='word_1_228' title='bbox 1079 2976 1208 3050; x_wconf 76' lang='grc' dir='ltr'><strong><em>Ὀκρλβατ</em></strong></span> <span class='ocrx_word' id='word_1_229' title='bbox 1225 2990 1368 3051; x_wconf 79' lang='lat' dir='ltr'><strong>paroxyto-</strong></span> <span class='ocrx_word' id='word_1_230' title='bbox 1423 3027 1426 3031; x_wconf 90' lang='lat'><strong>.</strong></span> 
     </span>
     <span class='ocr_line' id='line_1_26' title="bbox 258 3047 1367 3135; baseline 0.008 -21"><span class='ocrx_word' id='word_1_231' title='bbox 258 3079 320 3114; x_wconf 88' lang='lat' dir='ltr'><strong>num</strong></span> <span class='ocrx_word' id='word_1_232' title='bbox 338 3069 366 3114; x_wconf 84' lang='lat' dir='ltr'><strong>at</strong></span> <span class='ocrx_word' id='word_1_233' title='bbox 383 3077 428 3129; x_wconf 88' lang='lat' dir='ltr'><strong>per</strong></span> <span class='ocrx_word' id='word_1_234' title='bbox 443 3047 479 3116; x_wconf 61' lang='grc' dir='ltr'><strong>’νῖ</strong></span> <span class='ocrx_word' id='word_1_235' title='bbox 494 3064 649 3116; x_wconf 87' lang='lat' dir='ltr'><strong>declinatum</strong></span> <span class='ocrx_word' id='word_1_236' title='bbox 665 3077 715 3114; x_wconf 88' lang='lat' dir='ltr'><strong>nou</strong></span> <span class='ocrx_word' id='word_1_237' title='bbox 729 3065 810 3129; x_wconf 76' lang='lat' dir='ltr'><strong>magia</strong></span> <span class='ocrx_word' id='word_1_238' title='bbox 825 3065 874 3115; x_wconf 90' lang='lat' dir='ltr'><strong>huc</strong></span> <span class='ocrx_word' id='word_1_239' title='bbox 890 3065 1002 3130; x_wconf 86' lang='lat' dir='ltr'><strong>pertinet</strong></span> <span class='ocrx_word' id='word_1_240' title='bbox 1016 3079 1094 3132; x_wconf 82' lang='lat' dir='ltr'><strong>qnam</strong></span> <span class='ocrx_word' id='word_1_241' title='bbox 1106 3064 1243 3135; x_wconf 75' lang='grc' dir='ltr'><strong><em>κιλλίβατ,</em></strong></span> <span class='ocrx_word' id='word_1_242' title='bbox 1256 3063 1367 3132; x_wconf 65' lang='lat' dir='ltr'><strong>didace,</strong></span> 
     </span>
     <span class='ocr_line' id='line_1_27' title="bbox 256 3139 1369 3219; baseline 0.004 -17"><span class='ocrx_word' id='word_1_243' title='bbox 256 3139 390 3218; x_wconf 76' lang='grc' dir='ltr'><strong><em>λοκιῖβατ,</em></strong></span> <span class='ocrx_word' id='word_1_244' title='bbox 409 3163 516 3216; x_wconf 74' lang='lat' dir='ltr'><strong>qnorum</strong></span> <span class='ocrx_word' id='word_1_245' title='bbox 534 3149 605 3214; x_wconf 71' lang='lat' dir='ltr'><strong>origo</strong></span> <span class='ocrx_word' id='word_1_246' title='bbox 623 3151 684 3200; x_wconf 87' lang='lat' dir='ltr'><strong>solis</strong></span> <span class='ocrx_word' id='word_1_247' title='bbox 702 3158 764 3200; x_wconf 83' lang='lat' dir='ltr'><strong>nota</strong></span> <span class='ocrx_word' id='word_1_248' title='bbox 781 3157 822 3202; x_wconf 87' lang='lat' dir='ltr'><strong>cst</strong></span> <span class='ocrx_word' id='word_1_249' title='bbox 836 3148 1017 3201; x_wconf 76' lang='lat' dir='ltr'><strong>Grammaticis</strong></span> <span class='ocrx_word' id='word_1_250' title='bbox 1032 3151 1172 3219; x_wconf 79' lang='lat' dir='ltr'><strong>symbolice</strong></span> <span class='ocrx_word' id='word_1_251' title='bbox 1187 3149 1279 3204; x_wconf 86' lang='lat' dir='ltr'><strong>doctis.</strong></span> <span class='ocrx_word' id='word_1_252' title='bbox 1304 3157 1369 3206; x_wconf 75' lang='lat' dir='ltr'><strong>Ma-</strong></span> 
     </span>
     <span class='ocr_line' id='line_1_28' title="bbox 173 3222 1367 3308; baseline 0.005 -23"><span class='ocrx_word' id='word_1_253' title='bbox 173 3222 181 3241; x_wconf 69' lang='lat'><em>&#39;</em></span> <span class='ocrx_word' id='word_1_254' title='bbox 258 3237 397 3306; x_wconf 76' lang='grc' dir='ltr'><strong><em>μορτοβλα</em></strong></span> <span class='ocrx_word' id='word_1_255' title='bbox 413 3231 477 3290; x_wconf 73' lang='lat' dir='ltr'><strong>vada</strong></span> <span class='ocrx_word' id='word_1_256' title='bbox 493 3231 523 3288; x_wconf 78' lang='grc' dir='ltr'><strong>ἔν</strong></span> <span class='ocrx_word' id='word_1_257' title='bbox 539 3225 561 3308; x_wconf 76' lang='grc' dir='ltr'><em>ᾗ</em></span> <span class='ocrx_word' id='word_1_258' title='bbox 576 3231 723 3306; x_wconf 70' lang='grc' dir='ltr'><strong><em>ἅνθρωποι</em></strong></span> <span class='ocrx_word' id='word_1_259' title='bbox 739 3232 873 3304; x_wconf 78' lang='grc' dir='ltr'><strong><em>βιβήκατι</em></strong></span> <span class='ocrx_word' id='word_1_260' title='bbox 890 3235 1001 3304; x_wconf 77' lang='lat' dir='ltr'><strong>llesynb.</strong></span> <span class='ocrx_word' id='word_1_261' title='bbox 1020 3235 1129 3288; x_wconf 84' lang='lat' dir='ltr'><strong>fortasse</strong></span> <span class='ocrx_word' id='word_1_262' title='bbox 1147 3237 1179 3288; x_wconf 89' lang='lat' dir='ltr'><strong>dc</strong></span> <span class='ocrx_word' id='word_1_263' title='bbox 1196 3239 1287 3306; x_wconf 80' lang='lat' dir='ltr'><strong>cymba</strong></span> <span class='ocrx_word' id='word_1_264' title='bbox 1304 3241 1367 3292; x_wconf 83' lang='lat' dir='ltr'><strong>nba-</strong></span> 
     </span>
     <span class='ocr_line' id='line_1_29' title="bbox 257 3321 1367 3396; baseline 0.005 -24"><span class='ocrx_word' id='word_1_265' title='bbox 257 3321 348 3382; x_wconf 82' lang='lat' dir='ltr'><strong>rnuin,</strong></span> <span class='ocrx_word' id='word_1_266' title='bbox 368 3337 386 3372; x_wconf 82' lang='lat' dir='ltr'><strong>a</strong></span> <span class='ocrx_word' id='word_1_267' title='bbox 400 3323 453 3392; x_wconf 76' lang='grc' dir='ltr'><strong>βίω</strong></span> <span class='ocrx_word' id='word_1_268' title='bbox 471 3337 516 3389; x_wconf 87' lang='lat' dir='ltr'><strong>an,</strong></span> <span class='ocrx_word' id='word_1_269' title='bbox 535 3322 602 3372; x_wconf 81' lang='lat' dir='ltr'><strong>uude</strong></span> <span class='ocrx_word' id='word_1_270' title='bbox 618 3323 718 3396; x_wconf 74' lang='grc' dir='ltr'><strong><em>βλομαι</em></strong></span> <span class='ocrx_word' id='word_1_271' title='bbox 735 3321 790 3374; x_wconf 83' lang='lat' dir='ltr'><strong>aive</strong></span> <span class='ocrx_word' id='word_1_272' title='bbox 805 3324 917 3392; x_wconf 74' lang='grc' dir='ltr'><strong><em>βείομαι</em></strong></span> <span class='ocrx_word' id='word_1_273' title='bbox 932 3323 1089 3374; x_wconf 82' lang='lat' dir='ltr'><strong>homericum</strong></span> <span class='ocrx_word' id='word_1_274' title='bbox 1104 3339 1162 3374; x_wconf 86' lang='lat' dir='ltr'><strong>curn</strong></span> <span class='ocrx_word' id='word_1_275' title='bbox 1176 3324 1367 3388; x_wconf 69' lang='lat' dir='ltr'><strong>sigrcilicationc</strong></span> 
     </span>
     <span class='ocr_line' id='line_1_30' title="bbox 259 3405 520 3473; baseline 0 -15"><span class='ocrx_word' id='word_1_276' title='bbox 259 3405 345 3459; x_wconf 86' lang='lat' dir='ltr'><strong>futuri</strong></span> <span class='ocrx_word' id='word_1_277' title='bbox 362 3415 393 3458; x_wconf 91' lang='lat' dir='ltr'><strong>nt</strong></span> <span class='ocrx_word' id='word_1_278' title='bbox 409 3413 520 3473; x_wconf 76' lang='grc' dir='ltr'><strong>πίομαι.</strong></span> 
     </span>
    </p>

    <p class='ocr_par' dir='ltr' id='par_1_8' title="bbox 192 3489 1383 4249">
     <span class='ocr_line' id='line_1_31' title="bbox 329 3489 1368 3566; baseline 0.001 -20"><span class='ocrx_word' id='word_1_279' title='bbox 329 3492 373 3560; x_wconf 89' lang='grc'><strong>16)</strong></span> <span class='ocrx_word' id='word_1_280' title='bbox 391 3491 419 3544; x_wconf 89' lang='lat' dir='ltr'><strong>lu</strong></span> <span class='ocrx_word' id='word_1_281' title='bbox 433 3492 586 3561; x_wconf 76' lang='lat' dir='ltr'><strong>Antiphanis</strong></span> <span class='ocrx_word' id='word_1_282' title='bbox 601 3495 731 3558; x_wconf 88' lang='lat' dir='ltr'><strong>versibus,</strong></span> <span class='ocrx_word' id='word_1_283' title='bbox 749 3510 812 3562; x_wconf 84' lang='lat' dir='ltr'><strong>qnos</strong></span> <span class='ocrx_word' id='word_1_284' title='bbox 827 3495 939 3546; x_wconf 85' lang='lat' dir='ltr'><strong>tractavi</strong></span> <span class='ocrx_word' id='word_1_285' title='bbox 954 3495 986 3546; x_wconf 93' lang='lat' dir='ltr'><strong>ad</strong></span> <span class='ocrx_word' id='word_1_286' title='bbox 998 3489 1095 3564; x_wconf 70' lang='lat' dir='ltr'><strong>Pbryu.</strong></span> <span class='ocrx_word' id='word_1_287' title='bbox 1110 3511 1135 3562; x_wconf 91' lang='lat' dir='ltr'><strong>p.</strong></span> <span class='ocrx_word' id='word_1_288' title='bbox 1150 3493 1209 3549; x_wconf 82' lang='grc'><strong>637.</strong></span> <span class='ocrx_word' id='word_1_289' title='bbox 1228 3491 1291 3565; x_wconf 73' lang='grc' dir='ltr'><strong>βοῦν</strong></span> <span class='ocrx_word' id='word_1_290' title='bbox 1303 3491 1368 3566; x_wconf 80' lang='grc' dir='ltr'><em>ἆγε-</em></span> 
     </span>
     <span class='ocr_line' id='line_1_32' title="bbox 257 3568 1365 3652; baseline -0.001 -20"><span class='ocrx_word' id='word_1_291' title='bbox 257 3574 350 3644; x_wconf 76' lang='grc' dir='ltr'><strong><em>λαῖοτ,</em></strong></span> <span class='ocrx_word' id='word_1_292' title='bbox 370 3568 469 3650; x_wconf 68' lang='lat' dir='ltr'><strong>anodyna</strong></span> <span class='ocrx_word' id='word_1_293' title='bbox 484 3574 623 3651; x_wconf 71' lang='grc' dir='ltr'><strong><em>ὁλιβᾶτητ,</em></strong></span> <span class='ocrx_word' id='word_1_294' title='bbox 648 3577 695 3642; x_wconf 81' lang='grc' dir='ltr'><strong>αἲξ</strong></span> <span class='ocrx_word' id='word_1_295' title='bbox 711 3575 837 3652; x_wconf 63' lang='lat' dir='ltr'><strong>otperto,</strong></span> <span class='ocrx_word' id='word_1_296' title='bbox 860 3597 927 3632; x_wconf 88' lang='lat' dir='ltr'><strong>nunc</strong></span> <span class='ocrx_word' id='word_1_297' title='bbox 944 3581 1062 3647; x_wconf 88' lang='lat' dir='ltr'><strong>praeicro</strong></span> <span class='ocrx_word' id='word_1_298' title='bbox 1076 3571 1209 3651; x_wconf 75' lang='grc' dir='ltr'><strong><em>ἡλιβιίτητ</em></strong></span> <span class='ocrx_word' id='word_1_299' title='bbox 1227 3587 1258 3632; x_wconf 86' lang='lat' dir='ltr'><strong>ut</strong></span> <span class='ocrx_word' id='word_1_300' title='bbox 1276 3579 1365 3634; x_wconf 86' lang='lat' dir='ltr'><strong>Sebol.</strong></span> 
     </span>
     <span class='ocr_line' id='line_1_33' title="bbox 259 3658 1366 3744; baseline 0 -26"><span class='ocrx_word' id='word_1_301' title='bbox 259 3660 327 3716; x_wconf 80' lang='lat' dir='ltr'><strong>Ver.</strong></span> <span class='ocrx_word' id='word_1_302' title='bbox 346 3669 379 3718; x_wconf 89' lang='lat'><strong>0.</strong></span> <span class='ocrx_word' id='word_1_303' title='bbox 397 3664 458 3722; x_wconf 75' lang='lat'><strong>273.</strong></span> <span class='ocrx_word' id='word_1_304' title='bbox 483 3658 500 3718; x_wconf 81' lang='grc' dir='ltr'><em>ὅ</em></span> <span class='ocrx_word' id='word_1_305' title='bbox 520 3665 644 3744; x_wconf 76' lang='grc' dir='ltr'><strong>αἴγαγροτ</strong></span> <span class='ocrx_word' id='word_1_306' title='bbox 664 3663 721 3720; x_wconf 79' lang='grc' dir='ltr'><strong>τῶν</strong></span> <span class='ocrx_word' id='word_1_307' title='bbox 741 3662 944 3736; x_wconf 70' lang='grc' dir='ltr'><strong><em>ἤλιβατοιὲντοιν</em></strong></span> <span class='ocrx_word' id='word_1_308' title='bbox 965 3665 1036 3720; x_wconf 77' lang='grc' dir='ltr'><strong><em>ἐστί·</em></strong></span> <span class='ocrx_word' id='word_1_309' title='bbox 1070 3674 1097 3718; x_wconf 90' lang='lat' dir='ltr'><strong>et</strong></span> <span class='ocrx_word' id='word_1_310' title='bbox 1119 3667 1187 3733; x_wconf 84' lang='lat' dir='ltr'><strong>apud</strong></span> <span class='ocrx_word' id='word_1_311' title='bbox 1208 3667 1366 3718; x_wconf 78' lang='lat' dir='ltr'><strong>Anaxilaum</strong></span> 
     </span>
     <span class='ocr_line' id='line_1_34' title="bbox 258 3740 1366 3822; baseline 0.001 -20"><span class='ocrx_word' id='word_1_312' title='bbox 258 3744 321 3822; x_wconf 75' lang='lat' dir='ltr'><strong>caric</strong></span> <span class='ocrx_word' id='word_1_313' title='bbox 337 3750 388 3818; x_wconf 77' lang='grc' dir='ltr'><strong>μὲν</strong></span> <span class='ocrx_word' id='word_1_314' title='bbox 408 3740 563 3818; x_wconf 71' lang='grc' dir='ltr'><strong><em>ὄριινόμονι</em></strong></span> <span class='ocrx_word' id='word_1_315' title='bbox 586 3746 692 3819; x_wconf 75' lang='grc' dir='ltr'><strong><em>ποιήσοι</em></strong></span> <span class='ocrx_word' id='word_1_316' title='bbox 712 3749 845 3820; x_wconf 61' lang='lat' dir='ltr'><strong>natm</strong></span> <span class='ocrx_word' id='word_1_317' title='bbox 861 3741 1020 3822; x_wconf 67' lang='grc' dir='ltr'><strong><em>χιληβὸτατ,</em></strong></span> <span class='ocrx_word' id='word_1_318' title='bbox 1044 3754 1077 3805; x_wconf 80' lang='lat' dir='ltr'><strong>ad</strong></span> <span class='ocrx_word' id='word_1_319' title='bbox 1094 3753 1236 3819; x_wconf 82' lang='lat' dir='ltr'><strong>exemplum</strong></span> <span class='ocrx_word' id='word_1_320' title='bbox 1255 3754 1366 3804; x_wconf 74' lang='lat' dir='ltr'><strong>homeri</strong></span> 
     </span>
     <span class='ocr_line' id='line_1_35' title="bbox 260 3830 1365 3906; baseline 0.005 -21"><span class='ocrx_word' id='word_1_321' title='bbox 260 3849 317 3885; x_wconf 84' lang='lat' dir='ltr'><strong>cum</strong></span> <span class='ocrx_word' id='word_1_322' title='bbox 334 3833 378 3888; x_wconf 73' lang='grc' dir='ltr'><strong><em>οἷιο</em></strong></span> <span class='ocrx_word' id='word_1_323' title='bbox 393 3830 559 3905; x_wconf 76' lang='grc' dir='ltr'><strong><em>ληϊβότιιρα.</em></strong></span> <span class='ocrx_word' id='word_1_324' title='bbox 596 3835 731 3904; x_wconf 78' lang='lat' dir='ltr'><strong>Lycopbro</strong></span> <span class='ocrx_word' id='word_1_325' title='bbox 748 3837 810 3892; x_wconf 82' lang='grc'><strong>677.</strong></span> <span class='ocrx_word' id='word_1_326' title='bbox 834 3839 916 3896; x_wconf 82' lang='lat' dir='ltr'><strong>socios</strong></span> <span class='ocrx_word' id='word_1_327' title='bbox 933 3838 1032 3899; x_wconf 84' lang='lat' dir='ltr'><strong>Ulixis,</strong></span> <span class='ocrx_word' id='word_1_328' title='bbox 1058 3839 1089 3890; x_wconf 89' lang='lat' dir='ltr'><strong>de</strong></span> <span class='ocrx_word' id='word_1_329' title='bbox 1107 3839 1200 3906; x_wconf 82' lang='lat' dir='ltr'><strong>quibus</strong></span> <span class='ocrx_word' id='word_1_330' title='bbox 1220 3838 1267 3890; x_wconf 82' lang='lat' dir='ltr'><strong>illa</strong></span> <span class='ocrx_word' id='word_1_331' title='bbox 1282 3839 1365 3906; x_wconf 69' lang='lat' dir='ltr'><strong>loqui»</strong></span> 
     </span>
     <span class='ocr_line' id='line_1_36' title="bbox 260 3917 690 3986; baseline 0.009 -16"><span class='ocrx_word' id='word_1_332' title='bbox 260 3926 321 3980; x_wconf 82' lang='lat' dir='ltr'><strong>tur,</strong></span> <span class='ocrx_word' id='word_1_333' title='bbox 346 3917 412 3986; x_wconf 78' lang='grc' dir='ltr'><strong><em>χιλῷ</em></strong></span> <span class='ocrx_word' id='word_1_334' title='bbox 430 3929 563 3972; x_wconf 85' lang='lat' dir='ltr'><strong>vescentes</strong></span> <span class='ocrx_word' id='word_1_335' title='bbox 581 3922 690 3974; x_wconf 87' lang='lat' dir='ltr'><strong>inducit.</strong></span> 
     </span>
     <span class='ocr_line' id='line_1_37' title="bbox 265 4003 1383 4080; baseline 0.008 -24"><span class='ocrx_word' id='word_1_336' title='bbox 265 4019 266 4026; x_wconf 56' lang='lat'>¹</span> <span class='ocrx_word' id='word_1_337' title='bbox 330 4004 374 4071; x_wconf 84' lang='lat'><strong>17)</strong></span> <span class='ocrx_word' id='word_1_338' title='bbox 393 4005 465 4071; x_wconf 82' lang='lat' dir='ltr'><strong>Quod</strong></span> <span class='ocrx_word' id='word_1_339' title='bbox 483 4009 604 4074; x_wconf 84' lang='lat' dir='ltr'><strong>seqnitur</strong></span> <span class='ocrx_word' id='word_1_340' title='bbox 618 4007 749 4078; x_wconf 75' lang='lat' dir='ltr'><strong>Kcaartbp</strong></span> <span class='ocrx_word' id='word_1_341' title='bbox 767 4003 904 4076; x_wconf 76' lang='grc' dir='ltr'><strong><em>οτορνῦει,</em></strong></span> <span class='ocrx_word' id='word_1_342' title='bbox 920 4011 958 4061; x_wconf 90' lang='lat' dir='ltr'><strong>sic</strong></span> <span class='ocrx_word' id='word_1_343' title='bbox 972 4010 1098 4075; x_wconf 76' lang='lat' dir='ltr'><strong>corrigam</strong></span> <span class='ocrx_word' id='word_1_344' title='bbox 1113 4006 1229 4080; x_wconf 77' lang='grc' dir='ltr'><strong><em>καπέλῃ</em></strong></span> <span class='ocrx_word' id='word_1_345' title='bbox 1241 4007 1383 4080; x_wconf 60' lang='lat' dir='ltr'><strong>noemin„</strong></span> 
     </span>
     <span class='ocr_line' id='line_1_38' title="bbox 192 4086 1369 4166; baseline 0.008 -27"><span class='ocrx_word' id='word_1_346' title='bbox 192 4096 195 4103; x_wconf 88' lang='lat'>&#39;</span> <span class='ocrx_word' id='word_1_347' title='bbox 260 4089 375 4141; x_wconf 81' lang='lat' dir='ltr'><strong>doricum</strong></span> <span class='ocrx_word' id='word_1_348' title='bbox 398 4091 462 4142; x_wconf 92' lang='lat' dir='ltr'><strong>illud</strong></span> <span class='ocrx_word' id='word_1_349' title='bbox 485 4108 531 4159; x_wconf 89' lang='lat' dir='ltr'><strong>pra</strong></span> <span class='ocrx_word' id='word_1_350' title='bbox 553 4091 737 4166; x_wconf 73' lang='lat' dir='ltr'><strong>aarocrdlbp,</strong></span> <span class='ocrx_word' id='word_1_351' title='bbox 762 4101 792 4145; x_wconf 88' lang='lat' dir='ltr'><strong>nt</strong></span> <span class='ocrx_word' id='word_1_352' title='bbox 814 4090 961 4164; x_wconf 69' lang='grc' dir='ltr'><strong><em>κόπρανα</em></strong></span> <span class='ocrx_word' id='word_1_353' title='bbox 983 4112 1029 4164; x_wconf 88' lang='lat' dir='ltr'><strong>pro</strong></span> <span class='ocrx_word' id='word_1_354' title='bbox 1049 4094 1245 4165; x_wconf 65' lang='lat' dir='ltr'><strong>carcinoma,</strong></span> <span class='ocrx_word' id='word_1_355' title='bbox 1271 4086 1369 4148; x_wconf 69' lang='grc' dir='ltr'><strong><em>κέαται</em></strong></span> 
     </span>
     <span class='ocr_line' id='line_1_39' title="bbox 261 4166 1334 4249; baseline 0.002 -21"><span class='ocrx_word' id='word_1_356' title='bbox 261 4191 306 4244; x_wconf 83' lang='lat' dir='ltr'><strong>pro</strong></span> <span class='ocrx_word' id='word_1_357' title='bbox 323 4166 420 4234; x_wconf 69' lang='lat' dir='ltr'><strong>udam.</strong></span> <span class='ocrx_word' id='word_1_358' title='bbox 439 4179 598 4249; x_wconf 22' lang='lat' dir='ltr'><strong>nuncupate</strong></span> <span class='ocrx_word' id='word_1_359' title='bbox 614 4173 705 4236; x_wconf 74' lang='grc' dir='ltr'><strong><em>α’νῦιιτ</em></strong></span> <span class='ocrx_word' id='word_1_360' title='bbox 720 4170 856 4236; x_wconf 69' lang='lat' dir='ltr'><strong>Andecavos</strong></span> <span class='ocrx_word' id='word_1_361' title='bbox 871 4182 949 4234; x_wconf 77' lang='lat' dir='ltr'><strong>scrib.</strong></span> <span class='ocrx_word' id='word_1_362' title='bbox 968 4179 1095 4239; x_wconf 68' lang='lat' dir='ltr'><strong>macianus</strong></span> <span class='ocrx_word' id='word_1_363' title='bbox 1111 4183 1146 4234; x_wconf 83' lang='lat' dir='ltr'><strong>ab</strong></span> <span class='ocrx_word' id='word_1_364' title='bbox 1160 4175 1231 4247; x_wconf 69' lang='lat' dir='ltr'><strong>dem,</strong></span> <span class='ocrx_word' id='word_1_365' title='bbox 1247 4175 1334 4234; x_wconf 74' lang='grc' dir='ltr'><strong>οἶνιλυι.</strong></span> 
     </span>
    </p>
   </div>
   <div class='ocr_carea' id='block_1_8' title="bbox 417 4405 434 4438">
    <p class='ocr_par' dir='ltr' id='par_1_9' title="bbox 417 4405 434 4438">
     <span class='ocr_line' id='line_1_40' title="bbox 417 4405 434 4438; baseline 0 0"><span class='ocrx_word' id='word_1_366' title='bbox 417 4405 434 4438; x_wconf 60' lang='lat'><em>2</em></span> 
     </span>
    </p>
   </div>
   <div class='ocr_carea' id='block_1_9' title="bbox 0 0 1487 4894">
    <p class='ocr_par' dir='ltr' id='par_1_10' title="bbox 0 0 1487 4894">
     <span class='ocr_line' id='line_1_41' title="bbox 0 0 1487 4894; baseline 0 0"><span class='ocrx_word' id='word_1_367' title='bbox 0 0 1487 4894; x_wconf 95' lang='lat' dir='ltr'><strong> </strong></span> 
     </span>
    </p>
   </div>
  </div>
 </body>
</html>
